
%% Created for Rodrigo Bonifacio at 2008-05-13 16:20:48 -0300 


%% Saved with string encoding Unicode (UTF-8) 



@inproceedings{czarnecki-eclipse-2004,
	Address = {New York, NY, USA},
	Author = {Michal Antkiewicz and Krzysztof Czarnecki},
	Booktitle = {eclipse '04: Proceedings of the 2004 OOPSLA workshop on eclipse technology eXchange},
	Date-Added = {2008-05-13 16:13:54 -0300},
	Date-Modified = {2008-05-13 16:14:42 -0300},
	Doi = {http://doi.acm.org/10.1145/1066129.1066143},
	Location = {Vancouver, British Columbia, Canada},
	Pages = {67--72},
	Publisher = {ACM},
	Title = {FeaturePlugin: feature modeling plug-in for Eclipse},
	Url = {http://portal.acm.org/ft_gateway.cfm?id=1066143&type=pdf&coll=Portal&dl=GUIDE&CFID=67916883&CFTOKEN=80550431},
	Year = {2004},
	Bdsk-Url-1 = {http://portal.acm.org/ft_gateway.cfm?id=1066143&type=pdf&coll=Portal&dl=GUIDE&CFID=67916883&CFTOKEN=80550431},
	Bdsk-Url-2 = {http://doi.acm.org/10.1145/1066129.1066143}}

@misc{hunit-tutorial,
	Date-Added = {2008-05-13 10:31:40 -0300},
	Date-Modified = {2008-05-13 10:33:25 -0300}}

@article{moreira-re07,
	Author = {Rashid, A.},
	Date-Added = {2008-05-13 10:30:34 -0300},
	Date-Modified = {2008-05-13 10:31:02 -0300},
	Doi = {10.1109/RE.2007.22},
	Issn = {1090-705X},
	Journal = {Requirements Engineering Conference, 2007. RE '07. 15th IEEE International},
	Pages = {391-392},
	Title = {Discovering Volatile and Aspectual Requirements Using a Crosscutting Pattern},
	Year = {15-19 Oct. 2007},
	Bdsk-Url-1 = {http://dx.doi.org/10.1109/RE.2007.22}}

@inproceedings{rashid-aosd-2007,
	Address = {New York, NY, USA},
	Author = {Ruzanna Chitchyan and Awais Rashid and Paul Rayson and Robert Waters},
	Booktitle = {AOSD '07: Proceedings of the 6th international conference on Aspect-oriented software development},
	Date-Added = {2008-05-13 10:23:56 -0300},
	Date-Modified = {2008-05-13 10:24:27 -0300},
	Doi = {http://doi.acm.org/10.1145/1218563.1218569},
	Isbn = {1-59593-615-7},
	Location = {Vancouver, British Columbia, Canada},
	Pages = {36--48},
	Publisher = {ACM},
	Title = {Semantics-based composition for aspect-oriented requirements engineering},
	Url = {http://portal.acm.org/ft_gateway.cfm?id=1218569&type=pdf&coll=Portal&dl=GUIDE&CFID=27689075&CFTOKEN=78988151},
	Year = {2007},
	Bdsk-Url-1 = {http://portal.acm.org/ft_gateway.cfm?id=1218569&type=pdf&coll=Portal&dl=GUIDE&CFID=27689075&CFTOKEN=78988151},
	Bdsk-Url-2 = {http://doi.acm.org/10.1145/1218563.1218569}}

@article{garcia-taosd-2005,
	Author = {Garcia, A. and Sant'Anna, C. and Figueiredo, E. and Kulesza, U. and Lucena, C. and von Staa, A.},
	Date-Added = {2008-05-13 10:22:22 -0300},
	Date-Modified = {2008-05-13 10:22:41 -0300},
	Journal = {Aspect-oriented software development: Proceedings of the 4 th international conference on Aspect-oriented software development},
	Number = {18},
	Pages = {3--14},
	Publisher = {Springer},
	Title = {{Modularizing design patterns with aspects: a quantitative study}},
	Volume = {14},
	Year = {2005}}

@inproceedings{kiczales-ecoop-2003,
	Author = {Masuhara, H. and Kiczales, G.},
	Booktitle = {European Conference on Object-Oriented Programming (ECOOP)},
	Date-Added = {2008-05-13 10:19:14 -0300},
	Date-Modified = {2008-05-13 10:20:18 -0300},
	Journal = {European Conference on Object-Oriented Programming (ECOOP)},
	Pages = {2--28},
	Publisher = {Springer},
	Series = {Lecture Notes in Computer Science},
	Title = {Modeling Crosscutting in Aspect-Oriented Mechanisms},
	Year = {2003}}

@inproceedings{batory-icse-04,
	Address = {Washington, DC, USA},
	Author = {Don Batory},
	Booktitle = {ICSE '04: Proceedings of the 26th International Conference on Software Engineering},
	Date-Added = {2008-05-13 10:01:57 -0300},
	Date-Modified = {2008-05-13 10:02:41 -0300},
	Isbn = {0-7695-2163-0},
	Pages = {702--703},
	Publisher = {IEEE Computer Society},
	Title = {Feature-Oriented Programming and the AHEAD Tool Suite},
	Url = {http://portal.acm.org/ft_gateway.cfm?id=999478&type=pdf&coll=Portal&dl=GUIDE&CFID=27683472&CFTOKEN=16723125},
	Year = {2004},
	Bdsk-Url-1 = {http://portal.acm.org/ft_gateway.cfm?id=999478&type=pdf&coll=Portal&dl=GUIDE&CFID=27683472&CFTOKEN=16723125}}

@inproceedings{butler-icse-2001,
	Address = {Washington, DC, USA},
	Author = {Greg Butler and Krzysztof Czarnecki and Don Batory and Ulrich Eisenecker},
	Booktitle = {ICSE '01: Proceedings of the 23rd International Conference on Software Engineering},
	Date-Added = {2008-05-13 09:51:59 -0300},
	Date-Modified = {2008-05-13 09:52:25 -0300},
	Isbn = {0-7695-1050-7},
	Location = {Toronto, Ontario, Canada},
	Pages = {760--761},
	Publisher = {IEEE Computer Society},
	Title = {Generative techniques for product lines},
	Url = {http://portal.acm.org/ft_gateway.cfm?id=381635&type=external&coll=Portal&dl=GUIDE&CFID=27683472&CFTOKEN=16723125},
	Year = {2001},
	Bdsk-Url-1 = {http://portal.acm.org/ft_gateway.cfm?id=381635&type=external&coll=Portal&dl=GUIDE&CFID=27683472&CFTOKEN=16723125}}

@inproceedings{apel-icse2006,
	Address = {New York, NY, USA},
	Author = {Sven Apel and Thomas Leich and Gunter Saake},
	Booktitle = {ICSE '06: Proceedings of the 28th international conference on Software engineering},
	Date-Added = {2008-05-13 09:50:12 -0300},
	Date-Modified = {2008-05-13 09:50:46 -0300},
	Doi = {http://doi.acm.org/10.1145/1134285.1134304},
	Isbn = {1-59593-375-1},
	Location = {Shanghai, China},
	Pages = {122--131},
	Publisher = {ACM},
	Title = {Aspectual mixin layers: aspects and features in concert},
	Year = {2006},
	Bdsk-Url-1 = {http://doi.acm.org/10.1145/1134285.1134304}}

@inproceedings{bertolino-esec-2003,
	Address = {New York, NY, USA},
	Author = {Antonia Bertolino and Stefania Gnesi},
	Booktitle = {ESEC/FSE-11: Proceedings of the 9th European software engineering conference held jointly with 11th ACM SIGSOFT international symposium on Foundations of software engineering},
	Date-Added = {2008-05-13 09:38:52 -0300},
	Date-Modified = {2008-05-13 09:39:24 -0300},
	Doi = {http://doi.acm.org/10.1145/940071.940120},
	Isbn = {1-58113-743-5},
	Location = {Helsinki, Finland},
	Pages = {355--358},
	Publisher = {ACM},
	Title = {Use case-based testing of product lines},
	Url = {http://portal.acm.org/ft_gateway.cfm?id=940120&type=pdf&coll=Portal&dl=GUIDE&CFID=27682544&CFTOKEN=98099700},
	Year = {2003},
	Bdsk-Url-1 = {http://portal.acm.org/ft_gateway.cfm?id=940120&type=pdf&coll=Portal&dl=GUIDE&CFID=27682544&CFTOKEN=98099700},
	Bdsk-Url-2 = {http://doi.acm.org/10.1145/940071.940120}}

@article{czarnecki-wsfactory-2005,
	Author = {Czarnecki, K. and Kim, C.H.P.},
	Date-Added = {2008-05-13 09:29:16 -0300},
	Date-Modified = {2008-05-13 09:29:35 -0300},
	Journal = {International Workshop on Software Factories},
	Title = {{Cardinality-based feature modeling and constraints: A progress report}},
	Year = {2005}}

@article{fantechi-splc-2004,
	Author = {Fantechi, A. and Gnesi, S. and Lami, G. and Nesti, E.},
	Date-Added = {2008-05-13 09:27:08 -0300},
	Date-Modified = {2008-05-13 10:37:12 -0300},
	Journal = {Proceedings of the International Conference on Software Product Lines,  Lecture Notes in Computer Science},
	Pages = {255--265},
	Publisher = {Springer},
	Title = {{A Methodology for the Derivation and Verification of Use Cases for Product Lines}},
	Volume = {3154},
	Year = {2004}}

@inproceedings{griss-icsr-1998,
	Address = {Washington, DC, USA},
	Author = {M. L. Griss and J. Favaro and M. d' Alessandro},
	Booktitle = {ICSR '98: Proceedings of the 5th International Conference on Software Reuse},
	Date-Added = {2008-05-13 09:18:11 -0300},
	Date-Modified = {2008-05-13 09:18:41 -0300},
	Isbn = {0-8186-8377-5},
	Pages = {76},
	Publisher = {IEEE Computer Society},
	Title = {Integrating Feature Modeling with the RSEB},
	Url = {http://portal.acm.org/ft_gateway.cfm?id=853486&type=external&coll=Portal&dl=GUIDE&CFID=67849232&CFTOKEN=36596375},
	Year = {1998},
	Bdsk-Url-1 = {http://portal.acm.org/ft_gateway.cfm?id=853486&type=external&coll=Portal&dl=GUIDE&CFID=67849232&CFTOKEN=36596375}}

@article{claessen00-icfp-2000,
	Address = {New York, NY, USA},
	Author = {Koen Claessen and John Hughes},
	Date-Added = {2008-05-13 09:16:01 -0300},
	Date-Modified = {2008-05-13 09:16:54 -0300},
	Doi = {http://doi.acm.org/10.1145/357766.351266},
	Issn = {0362-1340},
	Journal = {SIGPLAN Not.},
	Number = {9},
	Pages = {268--279},
	Publisher = {ACM},
	Title = {QuickCheck: a lightweight tool for random testing of Haskell programs},
	Url = {http://portal.acm.org/ft_gateway.cfm?id=351266&type=pdf&coll=Portal&dl=GUIDE&CFID=67849232&CFTOKEN=36596375},
	Volume = {35},
	Year = {2000},
	Bdsk-Url-1 = {http://portal.acm.org/ft_gateway.cfm?id=351266&type=pdf&coll=Portal&dl=GUIDE&CFID=67849232&CFTOKEN=36596375},
	Bdsk-Url-2 = {http://doi.acm.org/10.1145/357766.351266}}

@book{clark-design-rules-book,
	Author = {Carliss Baldwin and Kim Clark},
	Date-Added = {2008-01-21 09:03:54 -0200},
	Date-Modified = {2008-01-21 09:07:43 -0200},
	Edition = {First Edition},
	Publisher = {The MIT Press},
	Rating = {5},
	Read = {Yes},
	Title = {Design Rules The Power of Modularity},
	Volume = {1},
	Year = {2000}}

@book{haskell-report,
	Author = {Jones, Peyton},
	Publisher = {Cambridge University Press},
	Title = {Haskell 98 Report},
	Year = {2003}}

@book{northrop-spl-book,
	Address = {Boston, MA, USA},
	Author = {Paul Clements and Linda Northrop},
	Isbn = {0-201-70332-7},
	Publisher = {Addison-Wesley Longman Publishing Co., Inc.},
	Title = {Software product lines: practices and patterns},
	Year = {2001}}

@book{czarnecki-book,
	Author = {Czarnecki, Krzysztof and Eisenecker, Ulrich},
	Date-Modified = {2008-05-13 16:20:48 -0300},
	Isbn = {0201309777},
	Keywords = {feature-modeling},
	Publisher = {{Addison-Wesley Professional}},
	Title = {Generative Programming: Methods, Tools, and Applications},
	Year = {2000}}

@book{phol-spl-book,
	Author = {Klaus Phol and Gunter Bocle ands Frank Linden},
	Isbn = {0-201-70332-7},
	Publisher = {Springer},
	Title = {Software Product Line Engineering: Foundations, Principles and Techniques},
	Year = {2005}}

@book{gof-dp-book,
	Author = {Gamma, Erich and Helm, Richard and Johnson, Ralph and Vlissides, John},
	Isbn = {0201633612},
	Publisher = {Addison-Wesley Professional},
	Title = {Design Patterns},
	Year = {1995}}

@book{jacobson-reuse-book,
	Address = {New York, NY, USA},
	Author = {Ivar Jacobson and Martin Griss and Patrik Jonsson},
	Isbn = {0-201-92476-5},
	Publisher = {ACM Press/Addison-Wesley Publishing Co.},
	Title = {Software reuse: architecture, process and organization for business success},
	Year = {1997}}

@book{jacobson-aosd-book,
	Author = {Ivar Jacobson and Pan-Wei Ng},
	Isbn = {0-201-92476-5},
	Publisher = {Addison-Wesley Professional},
	Title = {Aspect-Oriented Software Development with Use Cases},
	Year = {2004}}

@book{greenfield-softwarefactories,
	Author = {Greenfield, Jack and Short, Keith and Cook, Steve and Kent, Stuart},
	Isbn = {0471202843},
	Publisher = {Wiley},
	Title = {Software Factories: Assembling Applications with Patterns, Models, Frameworks, and Tools},
	Year = {2004}}

@book{jacobson-oose,
	Author = {Ivar Jacobson},
	Isbn = {0201544350},
	Publisher = {Addison-Wesley Professional},
	Title = {Object-Oriented Software Engineering: A Use Case Driven Approach},
	Year = {1992}}

@report{clements-spl-economics-report,
	Author = {Paul Clements and John McGregor and Sholom Cohen},
	Institution = {Software Engineering Institute},
	Title = {The Structured Intuitive Model for Product Line Economics (SIMPLE)},
	Year = {2005}}

@report{northrop-spl-roadmap-report,
	Author = {Linda Northrop},
	Institution = {Software Engineering Institute},
	Title = {Software Product Line Adoption Roadmap},
	Year = {2004}}

@article{krueger-cacm-200712,
	Address = {New York, NY, USA},
	Author = {Charles W. Krueger},
	Doi = {http://doi.acm.org/10.1145/1183236.1183262},
	Issn = {0001-0782},
	Journal = {Commun. ACM},
	Number = {12},
	Pages = {37--40},
	Publisher = {ACM Press},
	Title = {New methods in software product line practice},
	Volume = {49},
	Year = {2006},
	Bdsk-Url-1 = {http://doi.acm.org/10.1145/1183236.1183262}}

@article{eriksson-cacm-200712,
	Address = {New York, NY, USA},
	Author = {Magnus Eriksson and Jurgen Borstler and Kjell Borg},
	Doi = {http://doi.acm.org/10.1145/1183236.1183265},
	Issn = {0001-0782},
	Journal = {Commun. ACM},
	Number = {12},
	Pages = {49--54},
	Publisher = {ACM Press},
	Title = {Software product line modeling made practical},
	Volume = {49},
	Year = {2006},
	Bdsk-Url-1 = {http://doi.acm.org/10.1145/1183236.1183265}}

@inproceedings{hunt-splc-2006,
	Address = {Baltimore, USA},
	Author = {John Hunt and John McGregor},
	Booktitle = {Variability Management Workshop, SPLC'06},
	Title = {Implementing a Variation Point: A Pattern Language},
	Year = {2006}}

@inproceedings{eriksson-splc-2005,
	Author = {Magnus Eriksson and Jurgen Borstler and Kjell Borg},
	Booktitle = {International Conference on Software Product Lines},
	Date-Modified = {2008-05-13 09:36:37 -0300},
	Pages = {33--44},
	Publisher = {LNCS},
	Title = {The PLUSS Approach - Domain Modeling with Features, Use Cases and Use Case Realizations},
	Year = {2005}}

@inproceedings{favaro-icsr-98,
	Address = {Washington, DC, USA},
	Author = {M. L. Griss and J. Favaro and M. d' Alessandro},
	Booktitle = {ICSR'98},
	Isbn = {0-8186-8377-5},
	Pages = {76},
	Publisher = {IEEE Computer Society},
	Title = {Integrating Feature Modeling with the RSEB},
	Year = {1998}}

@inproceedings{gheyi-alloy-06,
	Address = {Portland, United States},
	Author = {Rohit Gheyi and Tiago Massoni and Paulo Borba},
	Booktitle = {First Alloy Workshop},
	Date-Modified = {2008-05-13 09:44:45 -0300},
	Month = {nov},
	Pages = {71-80},
	Title = {A Theory for Feature Models in Alloy},
	Year = {2006}}

@inproceedings{alves-gpce-06,
	Address = {Portland, USA},
	Author = {Vander Alves and Alberto Costa Neto and Sergio Soares and Gustavo Santos and Fernando Calheiros and Vilmar Nepomuceno and Davi Pires and Jorge Leal and Paulo Borba},
	Booktitle = {1st Workshop on Aspect-Oriented Product Line Engineering (AOPLE)},
	Date-Modified = {2008-05-13 09:57:59 -0300},
	Month = {Oct},
	Title = {From Conditional Compilation to Aspects: A Case Study in Software Product Lines Migration},
	Year = {2006}}

@inproceedings{jarzabek-seke-2003,
	Address = {San Francisco, USA},
	Author = {Hongyu Zhang and Stan Jarzabek},
	Booktitle = {15th International Conference on Software Engineering and Knowledge Engineering},
	Date-Modified = {2008-05-13 10:00:53 -0300},
	Title = {An XVCL-based Approach to Software Product Line Development},
	Year = {2003}}

@inproceedings{kiczales-ecoop-1997,
	Author = {Gregor Kiczales and John Lamping and Anurag Mendhekar and Chris Maeda and Cristina Videira Lopes and Jean-Marc Loingtier and John Irwin},
	Booktitle = {European Conference in Object-Oriented Programming (ECOOP)},
	Date-Modified = {2008-05-13 10:12:51 -0300},
	Pages = {220--242},
	Publisher = {Springer},
	Series = {Lecture Notes in Computer Science},
	Title = {Aspect-Oriented Programming},
	Year = {1997}}

@article{filman-cacm-2001,
	Address = {New York, NY, USA},
	Author = {Tzilla Elrad and Robert E. Filman and Atef Bader},
	Doi = {http://doi.acm.org/10.1145/383845.383853},
	Issn = {0001-0782},
	Journal = {Communications of ACM},
	Number = {10},
	Pages = {29--32},
	Publisher = {ACM Press},
	Title = {Aspect-oriented programming: Introduction},
	Volume = {44},
	Year = {2001},
	Bdsk-Url-1 = {http://doi.acm.org/10.1145/383845.383853}}

@inproceedings{sousa:aosd-ea04,
	Author = {Ge\'{o}gia. Sousa and S\'{e}rgio Soares and Paulo Borba and Jaelson Castro},
	Booktitle = {Early Aspects },
	Date-Modified = {2008-05-13 10:25:36 -0300},
	Title = {Separation of Crosscutting Concerns from Requirements to Design: {Adapting} the Use Case Driven Approach},
	Year = {2004}}

@inproceedings{rbonifacio-ea-2008,
	Address = {Brussels, Belgium},
	Author = {Rodrigo Bonif\'{a}cio and Paulo Borba and S\'{e}rgio Soares},
	Booktitle = {Early Aspects},
	Date-Modified = {2008-05-13 10:31:26 -0300},
	Month = {mar},
	Title = {On the Benefits of Variability Management as Crosscutting},
	Year = {2008}}

@misc{hunit-tutorial,
	Author = {Dean Herington},
	Note = {online: http://hunit.sourceforge.net/HUnit-1.0/Guide.html (2008)},
	Title = {HUnit 1.0 User's Guide}}

@misc{earlyaspect-url,
	Title = {Early Aspects, online: http://www.early-aspects.net/ (2006)}}

@misc{spg-url,
	Title = {Software Productivity Group, online: http://www.cin.ufpe.br/spg (2007)}}

@misc{ample-url,
	Title = {AMPLE Project, online: http://ample.holos.pt/ (2007)}}

@misc{eshop-url,
	Author = {Klaus Pohl and Andreas Metzger},
	Note = {online: http://www.sei.cmu.edu/splc2006/eShop.pdf},
	Title = {The eShop Product Line}}

@misc{ppl-url,
	Author = {John McGregor},
	Note = {http://www.sei.cmu.edu/productlines/ppl/index.html (2008)},
	Title = {Pedagogical Product Line}}
