
%% Created for Rodrigo Bonifacio at 2008-05-11 11:11:22 -0300 


%% Saved with string encoding Western (ASCII) 



@book{clark-design-rules-book,
	Address = {Cambridge, MA, USA},
	Author = {Carliss Y. Baldwin and Kim B. Clark},
	Date-Added = {2008-05-11 11:09:43 -0300},
	Date-Modified = {2008-05-11 11:10:28 -0300},
	Isbn = {0262024667},
	Publisher = {MIT Press},
	Title = {Design Rules: The Power of Modularity Volume 1},
	Year = {1999}}

@inproceedings{kiczales-icse-05,
	Address = {New York, NY, USA},
	Author = {Gregor Kiczales and Mira Mezini},
	Booktitle = {ICSE '05: Proceedings of the 27th international conference on Software engineering},
	Date-Added = {2008-05-11 10:58:43 -0300},
	Date-Modified = {2008-05-11 11:03:25 -0300},
	Doi = {http://doi.acm.org/10.1145/1062455.1062482},
	Isbn = {1-59593-963-2},
	Keywords = {aop, modular reason, modularity},
	Location = {St. Louis, MO, USA},
	Pages = {49--58},
	Publisher = {ACM},
	Rating = {4},
	Title = {Aspect-oriented programming and modular reasoning},
	Url = {http://portal.acm.org/ft_gateway.cfm?id=1062482&type=external&coll=Portal&dl=GUIDE&CFID=27397956&CFTOKEN=41271574},
	Year = {2005},
	Bdsk-Url-1 = {http://portal.acm.org/ft_gateway.cfm?id=1062482&type=external&coll=Portal&dl=GUIDE&CFID=27397956&CFTOKEN=41271574},
	Bdsk-Url-2 = {http://doi.acm.org/10.1145/1062455.1062482}}

@inproceedings{garcia-taosd-2005,
	Author = {Alessandro Garcia and Carlos SantAnna and  Eduardo Figueiredo and Uira Kulesza and Carlos Lucena},
	Booktitle = {Transactions on Aspect-Oriented Software Development},
	Date-Added = {2008-01-24 21:10:00 -0200},
	Date-Modified = {2008-01-24 21:25:17 -0200},
	Journal = {Transactions on Aspect-Oriented Software Development},
	Publisher = {Springer},
	Title = {Modularizing Design Patterns with Aspects: A Quantitative Study},
	Year = {2005}}

@inproceedings{vlopes-aosd-2005,
	Address = {New York, NY, USA},
	Author = {Cristina Videira Lopes and Sushil Krishna Bajracharya},
	Booktitle = {AOSD '05},
	Date-Modified = {2008-05-09 15:08:34 -0300},
	Location = {Chicago, Illinois},
	Pages = {15--26},
	Publisher = {ACM},
	Rating = {4},
	Read = {No},
	Title = {An analysis of modularity in aspect oriented design},
	Year = {2005}}

@inproceedings{sullivan-fse-2005,
	Address = {New York, NY, USA},
	Author = {Kevin Sullivan and William G. Griswold and Yuanyuan Song and Yuanfang Cai and Macneil Shonle and Nishit Tewari and Hridesh Rajan},
	Booktitle = {ESEC/FSE'05},
	Pages = {166--175},
	Publisher = {ACM},
	Title = {Information hiding interfaces for aspect-oriented design},
	Year = {2005}}

@article{steiman-sigplan-2006,
	Address = {New York, NY, USA},
	Author = {Friedrich Steimann},
	Doi = {http://doi.acm.org/10.1145/1167515.1167514},
	Issn = {0362-1340},
	Journal = {SIGPLAN Not.},
	Number = {10},
	Pages = {481--497},
	Publisher = {ACM},
	Title = {The paradoxical success of aspect-oriented programming},
	Volume = {41},
	Year = {2006},
	Bdsk-Url-1 = {http://doi.acm.org/10.1145/1167515.1167514}}

@inproceedings{greenwood-ecoop-2007,
	Author = {Phil Greenwood and Thiago Bartolomei and Eduardo Figueiredo and Marcos Dosea and Alessandro Garcia and Nelio Cacho and Cl{\'a}udio Santanna and Sergio Soares and Paulo Borba and Uir{\'a} Kulesza and Awais Rashid},
	Booktitle = {ECOOP: Proceedings of the European Conference on Object-Oriented Programming},
	Title = {On the Impact of Aspectual Decompositions on Design Stability: An Empirical Study},
	Year = {2007}}

@inproceedings{favaro-icsr-98,
	Address = {Washington, DC, USA},
	Author = {M. L. Griss and J. Favaro and M. d' Alessandro},
	Booktitle = {ICSR '98},
	Pages = {76},
	Publisher = {IEEE Computer Society},
	Title = {Integrating Feature Modeling with the {RSEB}},
	Year = {1998}}

@inproceedings{kiczales-ecoop-1997,
	Author = {Gregor Kiczales and John Lamping and Anurag Mendhekar and Chris Maeda and Cristina Videira Lopes and Jean-Marc Loingtier and John Irwin},
	Booktitle = {ECOOP: Proceedings of the European Conference on Object-Oriented Programming},
	Date-Modified = {2008-05-11 11:03:38 -0300},
	Keywords = {aop},
	Title = {Aspect-Oriented Programming},
	Year = {1997},
	Bdsk-File-1 = {YnBsaXN0MDDUAQIDBAUGBwpZJGFyY2hpdmVyWCR2ZXJzaW9uVCR0b3BYJG9iamVjdHNfEA9OU0tleWVkQXJjaGl2ZXISAAGGoNEICVRyb290gAGoCwwXGBkaHiVVJG51bGzTDQ4PEBMWWk5TLm9iamVjdHNXTlMua2V5c1YkY2xhc3OiERKABIAFohQVgAKAA4AHXHJlbGF0aXZlUGF0aFlhbGlhc0RhdGFfECEuLi8uLi8uLi9EZXNrdG9wL3A0OS1raWV6YWxlcy5wZGbSGw8cHVdOUy5kYXRhTxEBhgAAAAABhgACAAAMTWFjaW50b3NoIEhEAAAAAAAAAAAAAAAAAAAAwlhuBUgrAAAAEIYcEHA0OS1raWV6YWxlcy5wZGYAAAAAAAAAAAAAAAAAAAAAAAAAAAAAAAAAAAAAAAAAAAAAAAAAAAAAAAAAAAAAAAAuFSvETINdUERGIHBydncAAwACAAAJIAAAAAAAAAAAAAAAAAAAAAdEZXNrdG9wAAAQAAgAAMJYmDUAAAARAAgAAMRMrY0AAAABAAwAEIYcABCGEQAAcEIAAgA2TWFjaW50b3NoIEhEOlVzZXJzOnJib25pZmFjaW86RGVza3RvcDpwNDkta2llemFsZXMucGRmAA4AIgAQAHAANAA5AC0AawBpAGUAegBhAGwAZQBzAC4AcABkAGYADwAaAAwATQBhAGMAaQBuAHQAbwBzAGgAIABIAEQAEgApVXNlcnMvcmJvbmlmYWNpby9EZXNrdG9wL3A0OS1raWV6YWxlcy5wZGYAABMAAS8AABUAAgAR//8AAIAG0h8gISJYJGNsYXNzZXNaJGNsYXNzbmFtZaMiIyRdTlNNdXRhYmxlRGF0YVZOU0RhdGFYTlNPYmplY3TSHyAmJ6InJFxOU0RpY3Rpb25hcnkACAARABsAJAApADIARABJAEwAUQBTAFwAYgBpAHQAfACDAIYAiACKAI0AjwCRAJMAoACqAM4A0wDbAmUCZwJsAnUCgAKEApICmQKiAqcCqgAAAAAAAAIBAAAAAAAAACgAAAAAAAAAAAAAAAAAAAK3}}

@inproceedings{masuhara-ecoop-2003,
	Author = {Hidehiko Masuhara and Gregor Kiczales},
	Booktitle = {ECOOP'03},
	Title = {Modeling Crosscutting in Aspect-Oriented Mechanisms},
	Year = {2003}}

@article{filman-cacm-2001,
	Address = {New York, NY, USA},
	Author = {Tzilla Elrad and Robert E. Filman and Atef Bader},
	Doi = {http://doi.acm.org/10.1145/383845.383853},
	Issn = {0001-0782},
	Journal = {Commun. ACM},
	Number = {10},
	Pages = {29--32},
	Publisher = {ACM Press},
	Title = {Aspect-oriented programming: Introduction},
	Volume = {44},
	Year = {2001},
	Bdsk-Url-1 = {http://doi.acm.org/10.1145/383845.383853}}

@inproceedings{parnas-icse-03,
	Address = {Washington, DC, USA},
	Author = {Premkumar Devanbu and Bob Balzer and Don Batory and Gregor Kiczales and John Launchbury and David Parnas and Peri Tarr},
	Booktitle = {ICSE '03: Proceedings of the 25th International Conference on Software Engineering},
	Isbn = {0-7695-1877-X},
	Location = {Portland, Oregon},
	Pages = {723--724},
	Publisher = {IEEE Computer Society},
	Title = {Modularity in the new millenium: a panel summary},
	Year = {2003}}

@inproceedings{mmedeiros-lawasp-2007,
	Address = {Jo\~ao Pessoa, Brazil},
	Author = {M\'arcio de Medeiros Ribeiro and Pedro Matos Jr. and Paulo Borba and Ivan Cardim},
	Booktitle = {First LA-WASP},
	Month = {oct},
	Title = {On the Modularity of Aspect-Oriented and Other Techniques for Implementing Product Lines Variabilities},
	Year = {2007}}

@inproceedings{soares-oopsla-02,
	Address = {New York, NY, USA},
	Author = {Sergio Soares and Eduardo Laureano and Paulo Borba},
	Booktitle = {OOPSLA '02: Proceedings of the 17th ACM SIGPLAN conference on Object-oriented programming, systems, languages, and applications},
	Doi = {http://doi.acm.org/10.1145/582419.582437},
	Isbn = {1-58113-471-1},
	Location = {Seattle, Washington, USA},
	Pages = {174--190},
	Publisher = {ACM},
	Title = {Implementing distribution and persistence aspects with aspectJ},
	Year = {2002},
	Bdsk-Url-1 = {http://doi.acm.org/10.1145/582419.582437}}

@inproceedings{aldrich-ecoop-05,
	Author = {Jonathan Aldrich},
	Booktitle = {ECOOP '05: Proceedings of 19 th European ConferenceObject-Oriented Programming},
	Isbn = {3-540-27992-X},
	Location = {Glasgow, UK},
	Pages = {144-168},
	Publisher = {Springer},
	Title = {Open Modules: Modular Reasoning About Advice},
	Year = {2005}}

@inproceedings{eide-aosd-08,
	Address = {New York, NY, USA},
	Author = {Venkat Chakravarthy and John Regehr and Eric Eide},
	Booktitle = {AOSD '08: Proceedings of the 7th international conference on Aspect-oriented software development},
	Doi = {http://doi.acm.org/10.1145/1353482.1353496},
	Isbn = {978-1-60558-044-9},
	Location = {Brussels, Belgium},
	Pages = {108--119},
	Publisher = {ACM},
	Title = {Edicts: implementing features with flexible binding times},
	Year = {2008},
	Bdsk-Url-1 = {http://doi.acm.org/10.1145/1353482.1353496}}

@article{sullivan-sigsoft-2005,
	Address = {New York, NY, USA},
	Author = {Kevin Sullivan and William G. Griswold and Yuanyuan Song and Yuanfang Cai and Macneil Shonle and Nishit Tewari and Hridesh Rajan},
	Doi = {http://doi.acm.org/10.1145/1095430.1081734},
	Issn = {0163-5948},
	Journal = {SIGSOFT Softw. Eng. Notes},
	Number = {5},
	Pages = {166--175},
	Publisher = {ACM},
	Title = {Information hiding interfaces for aspect-oriented design},
	Volume = {30},
	Year = {2005},
	Bdsk-Url-1 = {http://doi.acm.org/10.1145/1095430.1081734}}

@article{sullivan-ieee-sw-2006,
	Address = {Los Alamitos, CA, USA},
	Author = {William G. Griswold and Kevin Sullivan and Yuanyuan Song and Macneil Shonle and Nishit Tewari and Yuanfang Cai and Hridesh Rajan},
	Doi = {http://doi.ieeecomputersociety.org/10.1109/MS.2006.24},
	Issn = {0740-7459},
	Journal = {IEEE Software},
	Number = {1},
	Pages = {51-60},
	Publisher = {IEEE Computer Society},
	Title = {Modular Software Design with Crosscutting Interfaces},
	Volume = {23},
	Year = {2006},
	Bdsk-Url-1 = {http://doi.ieeecomputersociety.org/10.1109/MS.2006.24}}
