
%% Created for Rodrigo Bonifacio at 2008-06-14 09:21:41 -0300 


%% Saved with string encoding Unicode (UTF-8) 



@inproceedings{Figueiredo:2008aa,
	Address = {New York, NY, USA},
	Author = {Eduardo Figueiredo and Nelio Cacho and Claudio SantAnna and Mario Monteiro and Uira Kulesza and Alessandro Garcia and Sergio Soares and Fabiano Ferrari and Safoora Khan and Fernando Castor Filho and Francisco Dantas},
	Booktitle = {ICSE '08: Proceedings of the 30th international conference on Software engineering},
	Date-Added = {2008-06-14 09:21:16 -0300},
	Date-Modified = {2008-06-14 09:21:38 -0300},
	Doi = {http://doi.acm.org/10.1145/1368088.1368124},
	Isbn = {978-1-60558-079-1},
	Keywords = {aop, spl, experiments, empirical software engineering},
	Location = {Leipzig, Germany},
	Pages = {261--270},
	Publisher = {ACM},
	Title = {Evolving software product lines with aspects: an empirical study on design stability},
	Url = {http://portal.acm.org/ft_gateway.cfm?id=1368124&type=pdf&coll=portal&dl=ACM&CFID=73027562&CFTOKEN=51981202},
	Year = {2008},
	Bdsk-Url-1 = {http://portal.acm.org/ft_gateway.cfm?id=1368124&type=pdf&coll=portal&dl=ACM&CFID=73027562&CFTOKEN=51981202},
	Bdsk-Url-2 = {http://doi.acm.org/10.1145/1368088.1368124}}

@article{Greenwood:2007aa,
	Author = {Greenwood, P. and Bartolomei, T. and Figueiredo, E. and Dosea, M. and Garcia, A. and Cacho, N. and Sant'Anna, C. and Soares, S. and Borba, P. and Kulesza, U. and others},
	Date-Added = {2008-06-14 09:18:22 -0300},
	Date-Modified = {2008-06-14 09:18:37 -0300},
	Journal = {Proceedings of the 21st European Conference on Object-Oriented Programming (ECOOP. 07), July},
	Publisher = {Springer},
	Title = {On the Impact of Aspectual Decompositions on Design Stability: An Empirical Study},
	Year = {2007}}

@article{Sullivan:2005aa,
	Address = {New York, NY, USA},
	Author = {Kevin Sullivan and William G. Griswold and Yuanyuan Song and Yuanfang Cai and Macneil Shonle and Nishit Tewari and Hridesh Rajan},
	Date-Added = {2008-06-14 09:15:10 -0300},
	Date-Modified = {2008-06-14 09:15:32 -0300},
	Doi = {http://doi.acm.org/10.1145/1095430.1081734},
	Issn = {0163-5948},
	Journal = {SIGSOFT Softw. Eng. Notes},
	Keywords = {aop, dsm, modularity},
	Number = {5},
	Pages = {166--175},
	Publisher = {ACM},
	Title = {Information hiding interfaces for aspect-oriented design},
	Url = {http://portal.acm.org/ft_gateway.cfm?id=1081734&type=pdf&coll=Portal&dl=GUIDE&CFID=73027010&CFTOKEN=94879361},
	Volume = {30},
	Year = {2005},
	Bdsk-Url-1 = {http://portal.acm.org/ft_gateway.cfm?id=1081734&type=pdf&coll=Portal&dl=GUIDE&CFID=73027010&CFTOKEN=94879361},
	Bdsk-Url-2 = {http://doi.acm.org/10.1145/1095430.1081734}}

@inproceedings{Lopes:2005ab,
	Address = {New York, NY, USA},
	Author = {Cristina Videira Lopes and Sushil Krishna Bajracharya},
	Booktitle = {AOSD '05: Proceedings of the 4th international conference on Aspect-oriented software development},
	Date-Added = {2008-06-14 09:13:25 -0300},
	Date-Modified = {2008-06-14 09:14:20 -0300},
	Doi = {http://doi.acm.org/10.1145/1052898.1052900},
	Isbn = {1-59593-042-6},
	Keywords = {aop, dsm, modularity},
	Location = {Chicago, Illinois},
	Pages = {15--26},
	Publisher = {ACM},
	Title = {An analysis of modularity in aspect oriented design},
	Url = {http://portal.acm.org/ft_gateway.cfm?id=1052900&type=pdf&coll=GUIDE&dl=GUIDE&CFID=73026908&CFTOKEN=33305578},
	Year = {2005},
	Bdsk-Url-1 = {http://portal.acm.org/ft_gateway.cfm?id=1052900&type=pdf&coll=GUIDE&dl=GUIDE&CFID=73026908&CFTOKEN=33305578},
	Bdsk-Url-2 = {http://doi.acm.org/10.1145/1052898.1052900}}

@inproceedings{Griss:1998aa,
	Address = {Washington, DC, USA},
	Author = {M. L. Griss and J. Favaro and M. d' Alessandro},
	Booktitle = {ICSR '98: Proceedings of the 5th International Conference on Software Reuse},
	Date-Added = {2008-06-14 08:49:16 -0300},
	Date-Modified = {2008-06-14 08:49:24 -0300},
	Isbn = {0-8186-8377-5},
	Pages = {76},
	Publisher = {IEEE Computer Society},
	Title = {Integrating Feature Modeling with the RSEB},
	Url = {http://portal.acm.org/ft_gateway.cfm?id=853486&type=external&coll=Portal&dl=GUIDE&CFID=67849232&CFTOKEN=36596375},
	Year = {1998},
	Bdsk-Url-1 = {http://portal.acm.org/ft_gateway.cfm?id=853486&type=external&coll=Portal&dl=GUIDE&CFID=67849232&CFTOKEN=36596375}}

@book{Jacobson:1997aa,
	Author = {Jacobson, I. and Griss, M. and Jonsson, P.},
	Date-Added = {2008-06-14 08:47:15 -0300},
	Date-Modified = {2008-06-14 08:47:50 -0300},
	Publisher = {ACM Press/Addison-Wesley Publishing Co. New York, NY, USA},
	Title = {Software reuse: architecture, process and organization for business success},
	Year = {1997}}

@book{Box:2004aa,
	Author = {Box, G.E.P. and Hunter, J.S. and Hunter, W.G.},
	Date-Added = {2008-06-14 08:04:20 -0300},
	Date-Modified = {2008-06-14 08:07:25 -0300},
	Edition = {2},
	Keywords = {experiments},
	Publisher = {Wiley-Interscience},
	Title = {Statistics for Experimenters: Design, Innovation, and Discovery},
	Year = {2004}}

@article{Pfleeger:1994aa,
	Author = {Pfleeger, S.L.},
	Date-Added = {2008-06-14 07:43:56 -0300},
	Date-Modified = {2008-06-14 07:44:11 -0300},
	Journal = {ACM SIGSOFT Software Engineering Notes},
	Number = {4},
	Pages = {16--20},
	Publisher = {ACM Press New York, NY, USA},
	Title = {{Design and analysis in software engineering: the language of case studies and formal experiments}},
	Volume = {19},
	Year = {1994},
	Bdsk-File-1 = {YnBsaXN0MDDUAQIDBAUGBwpZJGFyY2hpdmVyWCR2ZXJzaW9uVCR0b3BYJG9iamVjdHNfEA9OU0tleWVkQXJjaGl2ZXISAAGGoNEICVRyb290gAGoCwwXGBkaHiVVJG51bGzTDQ4PEBMWWk5TLm9iamVjdHNXTlMua2V5c1YkY2xhc3OiERKABIAFohQVgAKAA4AHXHJlbGF0aXZlUGF0aFlhbGlhc0RhdGFfECUuLi8uLi8uLi8uLi9CaWJEZXNrL1BmbGVlZ2VyLzE5OTQucGRm0hsPHB1XTlMuZGF0YU8RAZ4AAAAAAZ4AAgAADE1hY2ludG9zaCBIRAAAAAAAAAAAAAAAAAAAAMJYbgVIKwAAAC/ieggxOTk0LnBkZgAAAAAAAAAAAAAAAAAAAAAAAAAAAAAAAAAAAAAAAAAAAAAAAAAAAAAAAAAAAAAAAAAAAAAAAAAAL+I5xE9wlAAAAAAAAAAAAAQAAwAACSAAAAAAAAAAAAAAAAAAAAAIUGZsZWVnZXIAEAAIAADCWJg1AAAAEQAIAADET5rEAAAAAQAYAC/iegAuHOYAKmUDABUyWAAQhhEAAHBCAAIARE1hY2ludG9zaCBIRDpVc2VyczpyYm9uaWZhY2lvOlByb2plY3RzOnBoZDpCaWJEZXNrOlBmbGVlZ2VyOjE5OTQucGRmAA4AEgAIADEAOQA5ADQALgBwAGQAZgAPABoADABNAGEAYwBpAG4AdABvAHMAaAAgAEgARAASADdVc2Vycy9yYm9uaWZhY2lvL1Byb2plY3RzL3BoZC9CaWJEZXNrL1BmbGVlZ2VyLzE5OTQucGRmAAATAAEvAAAVAAIAEf//AACABtIfICEiWCRjbGFzc2VzWiRjbGFzc25hbWWjIiMkXU5TTXV0YWJsZURhdGFWTlNEYXRhWE5TT2JqZWN00h8gJieiJyRcTlNEaWN0aW9uYXJ5AAgAEQAbACQAKQAyAEQASQBMAFEAUwBcAGIAaQB0AHwAgwCGAIgAigCNAI8AkQCTAKAAqgDSANcA3wKBAoMCiAKRApwCoAKuArUCvgLDAsYAAAAAAAACAQAAAAAAAAAoAAAAAAAAAAAAAAAAAAAC0w==},
	Bdsk-File-2 = {YnBsaXN0MDDUAQIDBAUGBwpZJGFyY2hpdmVyWCR2ZXJzaW9uVCR0b3BYJG9iamVjdHNfEA9OU0tleWVkQXJjaGl2ZXISAAGGoNEICVRyb290gAGoCwwXGBkaHiVVJG51bGzTDQ4PEBMWWk5TLm9iamVjdHNXTlMua2V5c1YkY2xhc3OiERKABIAFohQVgAKAA4AHXHJlbGF0aXZlUGF0aFlhbGlhc0RhdGFfECYuLi8uLi8uLi8uLi9CaWJEZXNrL1BmbGVlZ2VyLzE5OTRhLnBkZtIbDxwdV05TLmRhdGFPEQGiAAAAAAGiAAIAAAxNYWNpbnRvc2ggSEQAAAAAAAAAAAAAAAAAAADCWG4FSCsAAAAv4noJMTk5NGEucGRmAAAAAAAAAAAAAAAAAAAAAAAAAAAAAAAAAAAAAAAAAAAAAAAAAAAAAAAAAAAAAAAAAAAAAAAAAC/iNsRPcUIAAAAAAAAAAAAEAAMAAAkgAAAAAAAAAAAAAAAAAAAACFBmbGVlZ2VyABAACAAAwliYNQAAABEACAAAxE+bcgAAAAEAGAAv4noALhzmACplAwAVMlgAEIYRAABwQgACAEVNYWNpbnRvc2ggSEQ6VXNlcnM6cmJvbmlmYWNpbzpQcm9qZWN0czpwaGQ6QmliRGVzazpQZmxlZWdlcjoxOTk0YS5wZGYAAA4AFAAJADEAOQA5ADQAYQAuAHAAZABmAA8AGgAMAE0AYQBjAGkAbgB0AG8AcwBoACAASABEABIAOFVzZXJzL3Jib25pZmFjaW8vUHJvamVjdHMvcGhkL0JpYkRlc2svUGZsZWVnZXIvMTk5NGEucGRmABMAAS8AABUAAgAR//8AAIAG0h8gISJYJGNsYXNzZXNaJGNsYXNzbmFtZaMiIyRdTlNNdXRhYmxlRGF0YVZOU0RhdGFYTlNPYmplY3TSHyAmJ6InJFxOU0RpY3Rpb25hcnkACAARABsAJAApADIARABJAEwAUQBTAFwAYgBpAHQAfACDAIYAiACKAI0AjwCRAJMAoACqANMA2ADgAoYCiAKNApYCoQKlArMCugLDAsgCywAAAAAAAAIBAAAAAAAAACgAAAAAAAAAAAAAAAAAAALY},
	Bdsk-File-3 = {YnBsaXN0MDDUAQIDBAUGBwpZJGFyY2hpdmVyWCR2ZXJzaW9uVCR0b3BYJG9iamVjdHNfEA9OU0tleWVkQXJjaGl2ZXISAAGGoNEICVRyb290gAGoCwwXGBkaHiVVJG51bGzTDQ4PEBMWWk5TLm9iamVjdHNXTlMua2V5c1YkY2xhc3OiERKABIAFohQVgAKAA4AHXHJlbGF0aXZlUGF0aFlhbGlhc0RhdGFfECYuLi8uLi8uLi8uLi9CaWJEZXNrL1BmbGVlZ2VyLzE5OTRiLnBkZtIbDxwdV05TLmRhdGFPEQGiAAAAAAGiAAIAAAxNYWNpbnRvc2ggSEQAAAAAAAAAAAAAAAAAAADCWG4FSCsAAAAv4noJMTk5NGIucGRmAAAAAAAAAAAAAAAAAAAAAAAAAAAAAAAAAAAAAAAAAAAAAAAAAAAAAAAAAAAAAAAAAAAAAAAAAC/iNcRPcPIAAAAAAAAAAAAEAAMAAAkgAAAAAAAAAAAAAAAAAAAACFBmbGVlZ2VyABAACAAAwliYNQAAABEACAAAxE+bIgAAAAEAGAAv4noALhzmACplAwAVMlgAEIYRAABwQgACAEVNYWNpbnRvc2ggSEQ6VXNlcnM6cmJvbmlmYWNpbzpQcm9qZWN0czpwaGQ6QmliRGVzazpQZmxlZWdlcjoxOTk0Yi5wZGYAAA4AFAAJADEAOQA5ADQAYgAuAHAAZABmAA8AGgAMAE0AYQBjAGkAbgB0AG8AcwBoACAASABEABIAOFVzZXJzL3Jib25pZmFjaW8vUHJvamVjdHMvcGhkL0JpYkRlc2svUGZsZWVnZXIvMTk5NGIucGRmABMAAS8AABUAAgAR//8AAIAG0h8gISJYJGNsYXNzZXNaJGNsYXNzbmFtZaMiIyRdTlNNdXRhYmxlRGF0YVZOU0RhdGFYTlNPYmplY3TSHyAmJ6InJFxOU0RpY3Rpb25hcnkACAARABsAJAApADIARABJAEwAUQBTAFwAYgBpAHQAfACDAIYAiACKAI0AjwCRAJMAoACqANMA2ADgAoYCiAKNApYCoQKlArMCugLDAsgCywAAAAAAAAIBAAAAAAAAACgAAAAAAAAAAAAAAAAAAALY},
	Bdsk-File-4 = {YnBsaXN0MDDUAQIDBAUGBwpZJGFyY2hpdmVyWCR2ZXJzaW9uVCR0b3BYJG9iamVjdHNfEA9OU0tleWVkQXJjaGl2ZXISAAGGoNEICVRyb290gAGoCwwXGBkaHiVVJG51bGzTDQ4PEBMWWk5TLm9iamVjdHNXTlMua2V5c1YkY2xhc3OiERKABIAFohQVgAKAA4AHXHJlbGF0aXZlUGF0aFlhbGlhc0RhdGFfECYuLi8uLi8uLi8uLi9CaWJEZXNrL1BmbGVlZ2VyLzE5OTRjLnBkZtIbDxwdV05TLmRhdGFPEQGiAAAAAAGiAAIAAAxNYWNpbnRvc2ggSEQAAAAAAAAAAAAAAAAAAADCWG4FSCsAAAAv4noJMTk5NGMucGRmAAAAAAAAAAAAAAAAAAAAAAAAAAAAAAAAAAAAAAAAAAAAAAAAAAAAAAAAAAAAAAAAAAAAAAAAAC/iN8RPcWgAAAAAAAAAAAAEAAMAAAkgAAAAAAAAAAAAAAAAAAAACFBmbGVlZ2VyABAACAAAwliYNQAAABEACAAAxE+bmAAAAAEAGAAv4noALhzmACplAwAVMlgAEIYRAABwQgACAEVNYWNpbnRvc2ggSEQ6VXNlcnM6cmJvbmlmYWNpbzpQcm9qZWN0czpwaGQ6QmliRGVzazpQZmxlZWdlcjoxOTk0Yy5wZGYAAA4AFAAJADEAOQA5ADQAYwAuAHAAZABmAA8AGgAMAE0AYQBjAGkAbgB0AG8AcwBoACAASABEABIAOFVzZXJzL3Jib25pZmFjaW8vUHJvamVjdHMvcGhkL0JpYkRlc2svUGZsZWVnZXIvMTk5NGMucGRmABMAAS8AABUAAgAR//8AAIAG0h8gISJYJGNsYXNzZXNaJGNsYXNzbmFtZaMiIyRdTlNNdXRhYmxlRGF0YVZOU0RhdGFYTlNPYmplY3TSHyAmJ6InJFxOU0RpY3Rpb25hcnkACAARABsAJAApADIARABJAEwAUQBTAFwAYgBpAHQAfACDAIYAiACKAI0AjwCRAJMAoACqANMA2ADgAoYCiAKNApYCoQKlArMCugLDAsgCywAAAAAAAAIBAAAAAAAAACgAAAAAAAAAAAAAAAAAAALY},
	Bdsk-File-5 = {YnBsaXN0MDDUAQIDBAUGBwpZJGFyY2hpdmVyWCR2ZXJzaW9uVCR0b3BYJG9iamVjdHNfEA9OU0tleWVkQXJjaGl2ZXISAAGGoNEICVRyb290gAGoCwwXGBkaHiVVJG51bGzTDQ4PEBMWWk5TLm9iamVjdHNXTlMua2V5c1YkY2xhc3OiERKABIAFohQVgAKAA4AHXHJlbGF0aXZlUGF0aFlhbGlhc0RhdGFfECYuLi8uLi8uLi8uLi9CaWJEZXNrL1BmbGVlZ2VyLzE5OTRkLnBkZtIbDxwdV05TLmRhdGFPEQGiAAAAAAGiAAIAAAxNYWNpbnRvc2ggSEQAAAAAAAAAAAAAAAAAAADCWG4FSCsAAAAv4noJMTk5NGQucGRmAAAAAAAAAAAAAAAAAAAAAAAAAAAAAAAAAAAAAAAAAAAAAAAAAAAAAAAAAAAAAAAAAAAAAAAAAC/iOMRPcBYAAAAAAAAAAAAEAAMAAAkgAAAAAAAAAAAAAAAAAAAACFBmbGVlZ2VyABAACAAAwliYNQAAABEACAAAxE+aRgAAAAEAGAAv4noALhzmACplAwAVMlgAEIYRAABwQgACAEVNYWNpbnRvc2ggSEQ6VXNlcnM6cmJvbmlmYWNpbzpQcm9qZWN0czpwaGQ6QmliRGVzazpQZmxlZWdlcjoxOTk0ZC5wZGYAAA4AFAAJADEAOQA5ADQAZAAuAHAAZABmAA8AGgAMAE0AYQBjAGkAbgB0AG8AcwBoACAASABEABIAOFVzZXJzL3Jib25pZmFjaW8vUHJvamVjdHMvcGhkL0JpYkRlc2svUGZsZWVnZXIvMTk5NGQucGRmABMAAS8AABUAAgAR//8AAIAG0h8gISJYJGNsYXNzZXNaJGNsYXNzbmFtZaMiIyRdTlNNdXRhYmxlRGF0YVZOU0RhdGFYTlNPYmplY3TSHyAmJ6InJFxOU0RpY3Rpb25hcnkACAARABsAJAApADIARABJAEwAUQBTAFwAYgBpAHQAfACDAIYAiACKAI0AjwCRAJMAoACqANMA2ADgAoYCiAKNApYCoQKlArMCugLDAsgCywAAAAAAAAIBAAAAAAAAACgAAAAAAAAAAAAAAAAAAALY}}

@article{Garcia:2005aa,
	Author = {Garcia, A. and Sant'Anna, C. and Figueiredo, E. and Kulesza, U. and Lucena, C. and von Staa, A.},
	Date-Added = {2008-06-13 15:19:22 -0300},
	Date-Modified = {2008-06-13 15:19:28 -0300},
	Journal = {Aspect-oriented software development: Proceedings of the 4 th international conference on Aspect-oriented software development},
	Number = {18},
	Pages = {3--14},
	Publisher = {Springer},
	Title = {{Modularizing design patterns with aspects: a quantitative study}},
	Volume = {14},
	Year = {2005}}

@inproceedings{Alves:2006aa,
	Address = {Portland, USA},
	Author = {Vander Alves and Alberto Costa Neto and Sergio Soares and Gustavo Santos and Fernando Calheiros and Vilmar Nepomuceno and Davi Pires and Jorge Leal and Paulo Borba},
	Booktitle = {1st Workshop on Aspect-Oriented Product Line Engineering (AOPLE)},
	Date-Added = {2008-06-13 14:36:22 -0300},
	Date-Modified = {2008-06-13 14:36:30 -0300},
	Month = {Oct},
	Title = {From Conditional Compilation to Aspects: A Case Study in Software Product Lines Migration},
	Year = {2006}}

@inproceedings{Apel:2006aa,
	Address = {New York, NY, USA},
	Author = {Sven Apel and Thomas Leich and Gunter Saake},
	Booktitle = {ICSE '06: Proceedings of the 28th international conference on Software engineering},
	Date-Added = {2008-06-13 14:35:04 -0300},
	Date-Modified = {2008-06-13 14:35:28 -0300},
	Doi = {http://doi.acm.org/10.1145/1134285.1134304},
	Isbn = {1-59593-375-1},
	Location = {Shanghai, China},
	Pages = {122--131},
	Publisher = {ACM},
	Title = {Aspectual mixin layers: aspects and features in concert},
	Year = {2006},
	Bdsk-Url-1 = {http://doi.acm.org/10.1145/1134285.1134304}}

@book{Baldwin:2000aa,
	Author = {Carliss Baldwin and Kim Clark},
	Date-Added = {2008-06-13 11:54:45 -0300},
	Date-Modified = {2008-06-13 11:55:06 -0300},
	Edition = {First Edition},
	Keywords = {modularity, dsm},
	Publisher = {The MIT Press},
	Rating = {5},
	Read = {Yes},
	Title = {Design Rules The Power of Modularity},
	Volume = {1},
	Year = {2000}}

@techreport{Venables:2008aa,
	Author = {W. N. Venables and D. M. Smith},
	Date-Added = {2008-06-13 09:10:36 -0300},
	Date-Modified = {2008-06-13 09:13:01 -0300},
	Institution = {R Development Team},
	Keywords = {R, statistical, tools},
	Title = {An Introduction to R},
	Urldate = {2008},
	Year = {2008},
	Bdsk-File-1 = {YnBsaXN0MDDUAQIDBAUGBwpZJGFyY2hpdmVyWCR2ZXJzaW9uVCR0b3BYJG9iamVjdHNfEA9OU0tleWVkQXJjaGl2ZXISAAGGoNEICVRyb290gAGoCwwXGBkaHiVVJG51bGzTDQ4PEBMWWk5TLm9iamVjdHNXTlMua2V5c1YkY2xhc3OiERKABIAFohQVgAKAA4AHXHJlbGF0aXZlUGF0aFlhbGlhc0RhdGFfECUuLi8uLi8uLi8uLi9CaWJEZXNrL1ZlbmFibGVzLzIwMDgucGRm0hsPHB1XTlMuZGF0YU8RAZ4AAAAAAZ4AAgAADE1hY2ludG9zaCBIRAAAAAAAAAAAAAAAAAAAAMJYbgVIKwAAAC/aaQgyMDA4LnBkZgAAAAAAAAAAAAAAAAAAAAAAAAAAAAAAAAAAAAAAAAAAAAAAAAAAAAAAAAAAAAAAAAAAAAAAAAAAL1X9xHFe9lBERiBwcnZ3AAQAAwAACSAAAAAAAAAAAAAAAAAAAAAIVmVuYWJsZXMAEAAIAADCWJg1AAAAEQAIAADEcYkmAAAAAQAYAC/aaQAuHOYAKmUDABUyWAAQhhEAAHBCAAIARE1hY2ludG9zaCBIRDpVc2VyczpyYm9uaWZhY2lvOlByb2plY3RzOnBoZDpCaWJEZXNrOlZlbmFibGVzOjIwMDgucGRmAA4AEgAIADIAMAAwADgALgBwAGQAZgAPABoADABNAGEAYwBpAG4AdABvAHMAaAAgAEgARAASADdVc2Vycy9yYm9uaWZhY2lvL1Byb2plY3RzL3BoZC9CaWJEZXNrL1ZlbmFibGVzLzIwMDgucGRmAAATAAEvAAAVAAIAEf//AACABtIfICEiWCRjbGFzc2VzWiRjbGFzc25hbWWjIiMkXU5TTXV0YWJsZURhdGFWTlNEYXRhWE5TT2JqZWN00h8gJieiJyRcTlNEaWN0aW9uYXJ5AAgAEQAbACQAKQAyAEQASQBMAFEAUwBcAGIAaQB0AHwAgwCGAIgAigCNAI8AkQCTAKAAqgDSANcA3wKBAoMCiAKRApwCoAKuArUCvgLDAsYAAAAAAAACAQAAAAAAAAAoAAAAAAAAAAAAAAAAAAAC0w==}}

@unpublished{Conejero:2007aa,
	Author = {Jos{\'e}  Conejero and Juan Hern{\'a}ndez},
	Date-Added = {2008-06-13 09:08:21 -0300},
	Date-Modified = {2008-06-13 09:10:25 -0300},
	Keywords = {spl, feature models, crosscutting, reviewd},
	Title = {Analysis of crosscutting features in Software Product Lines},
	Year = {2007},
	Bdsk-File-1 = {YnBsaXN0MDDUAQIDBAUGBwpZJGFyY2hpdmVyWCR2ZXJzaW9uVCR0b3BYJG9iamVjdHNfEA9OU0tleWVkQXJjaGl2ZXISAAGGoNEICVRyb290gAGoCwwXGBkaHiVVJG51bGzTDQ4PEBMWWk5TLm9iamVjdHNXTlMua2V5c1YkY2xhc3OiERKABIAFohQVgAKAA4AHXHJlbGF0aXZlUGF0aFlhbGlhc0RhdGFfECUuLi8uLi8uLi8uLi9CaWJEZXNrL0NvbmVqZXJvLzIwMDcucGRm0hsPHB1XTlMuZGF0YU8RAZ4AAAAAAZ4AAgAADE1hY2ludG9zaCBIRAAAAAAAAAAAAAAAAAAAAMJYbgVIKwAAAC/aYwgyMDA3LnBkZgAAAAAAAAAAAAAAAAAAAAAAAAAAAAAAAAAAAAAAAAAAAAAAAAAAAAAAAAAAAAAAAAAAAAAAAAAAL0kBw9ZzFgAAAAAAAAAAAAQAAwAACSAAAAAAAAAAAAAAAAAAAAAIQ29uZWplcm8AEAAIAADCWJg1AAAAEQAIAADD1o82AAAAAQAYAC/aYwAuHOYAKmUDABUyWAAQhhEAAHBCAAIARE1hY2ludG9zaCBIRDpVc2VyczpyYm9uaWZhY2lvOlByb2plY3RzOnBoZDpCaWJEZXNrOkNvbmVqZXJvOjIwMDcucGRmAA4AEgAIADIAMAAwADcALgBwAGQAZgAPABoADABNAGEAYwBpAG4AdABvAHMAaAAgAEgARAASADdVc2Vycy9yYm9uaWZhY2lvL1Byb2plY3RzL3BoZC9CaWJEZXNrL0NvbmVqZXJvLzIwMDcucGRmAAATAAEvAAAVAAIAEf//AACABtIfICEiWCRjbGFzc2VzWiRjbGFzc25hbWWjIiMkXU5TTXV0YWJsZURhdGFWTlNEYXRhWE5TT2JqZWN00h8gJieiJyRcTlNEaWN0aW9uYXJ5AAgAEQAbACQAKQAyAEQASQBMAFEAUwBcAGIAaQB0AHwAgwCGAIgAigCNAI8AkQCTAKAAqgDSANcA3wKBAoMCiAKRApwCoAKuArUCvgLDAsYAAAAAAAACAQAAAAAAAAAoAAAAAAAAAAAAAAAAAAAC0w==},
	Bdsk-File-2 = {YnBsaXN0MDDUAQIDBAUGBwpZJGFyY2hpdmVyWCR2ZXJzaW9uVCR0b3BYJG9iamVjdHNfEA9OU0tleWVkQXJjaGl2ZXISAAGGoNEICVRyb290gAGoCwwXGBkaHiVVJG51bGzTDQ4PEBMWWk5TLm9iamVjdHNXTlMua2V5c1YkY2xhc3OiERKABIAFohQVgAKAA4AHXHJlbGF0aXZlUGF0aFlhbGlhc0RhdGFfECUuLi8uLi8uLi8uLi9CaWJEZXNrL0NvbmVqZXJvLzIwMDcudHh00hsPHB1XTlMuZGF0YU8RAZ4AAAAAAZ4AAgAADE1hY2ludG9zaCBIRAAAAAAAAAAAAAAAAAAAAMJYbgVIKwAAAC/aYwgyMDA3LnR4dAAAAAAAAAAAAAAAAAAAAAAAAAAAAAAAAAAAAAAAAAAAAAAAAAAAAAAAAAAAAAAAAAAAAAAAAAAAL0kAw9ZyjAAAAAAAAAAAAAQAAwAACSAAAAAAAAAAAAAAAAAAAAAIQ29uZWplcm8AEAAIAADCWJg1AAAAEQAIAADD1o6sAAAAAQAYAC/aYwAuHOYAKmUDABUyWAAQhhEAAHBCAAIARE1hY2ludG9zaCBIRDpVc2VyczpyYm9uaWZhY2lvOlByb2plY3RzOnBoZDpCaWJEZXNrOkNvbmVqZXJvOjIwMDcudHh0AA4AEgAIADIAMAAwADcALgB0AHgAdAAPABoADABNAGEAYwBpAG4AdABvAHMAaAAgAEgARAASADdVc2Vycy9yYm9uaWZhY2lvL1Byb2plY3RzL3BoZC9CaWJEZXNrL0NvbmVqZXJvLzIwMDcudHh0AAATAAEvAAAVAAIAEf//AACABtIfICEiWCRjbGFzc2VzWiRjbGFzc25hbWWjIiMkXU5TTXV0YWJsZURhdGFWTlNEYXRhWE5TT2JqZWN00h8gJieiJyRcTlNEaWN0aW9uYXJ5AAgAEQAbACQAKQAyAEQASQBMAFEAUwBcAGIAaQB0AHwAgwCGAIgAigCNAI8AkQCTAKAAqgDSANcA3wKBAoMCiAKRApwCoAKuArUCvgLDAsYAAAAAAAACAQAAAAAAAAAoAAAAAAAAAAAAAAAAAAAC0w==}}

@unpublished{Stoiber:2008aa,
	Author = {Reinhard Stoiber and Martin Glinz},
	Date-Added = {2008-06-13 09:05:43 -0300},
	Date-Modified = {2008-06-13 09:07:04 -0300},
	Keywords = {spl, requirements, variability management, aspects},
	Title = {Software Product Line Requirements Engineering Based on Aspects},
	Year = {2008},
	Bdsk-File-1 = {YnBsaXN0MDDUAQIDBAUGBwpZJGFyY2hpdmVyWCR2ZXJzaW9uVCR0b3BYJG9iamVjdHNfEA9OU0tleWVkQXJjaGl2ZXISAAGGoNEICVRyb290gAGoCwwXGBkaHiVVJG51bGzTDQ4PEBMWWk5TLm9iamVjdHNXTlMua2V5c1YkY2xhc3OiERKABIAFohQVgAKAA4AHXHJlbGF0aXZlUGF0aFlhbGlhc0RhdGFfECQuLi8uLi8uLi8uLi9CaWJEZXNrL1N0b2liZXIvMjAwOC5wZGbSGw8cHVdOUy5kYXRhTxEBnAAAAAABnAACAAAMTWFjaW50b3NoIEhEAAAAAAAAAAAAAAAAAAAAwlhuBUgrAAAAL9pTCDIwMDgucGRmAAAAAAAAAAAAAAAAAAAAAAAAAAAAAAAAAAAAAAAAAAAAAAAAAAAAAAAAAAAAAAAAAAAAAAAAAAAu5QfEZDOcUERGIAAAAAAABAADAAAJIAAAAAAAAAAAAAAAAAAAAAdTdG9pYmVyAAAQAAgAAMJYmDUAAAARAAgAAMRkXcwAAAABABgAL9pTAC4c5gAqZQMAFTJYABCGEQAAcEIAAgBDTWFjaW50b3NoIEhEOlVzZXJzOnJib25pZmFjaW86UHJvamVjdHM6cGhkOkJpYkRlc2s6U3RvaWJlcjoyMDA4LnBkZgAADgASAAgAMgAwADAAOAAuAHAAZABmAA8AGgAMAE0AYQBjAGkAbgB0AG8AcwBoACAASABEABIANlVzZXJzL3Jib25pZmFjaW8vUHJvamVjdHMvcGhkL0JpYkRlc2svU3RvaWJlci8yMDA4LnBkZgATAAEvAAAVAAIAEf//AACABtIfICEiWCRjbGFzc2VzWiRjbGFzc25hbWWjIiMkXU5TTXV0YWJsZURhdGFWTlNEYXRhWE5TT2JqZWN00h8gJieiJyRcTlNEaWN0aW9uYXJ5AAgAEQAbACQAKQAyAEQASQBMAFEAUwBcAGIAaQB0AHwAgwCGAIgAigCNAI8AkQCTAKAAqgDRANYA3gJ+AoAChQKOApkCnQKrArICuwLAAsMAAAAAAAACAQAAAAAAAAAoAAAAAAAAAAAAAAAAAAAC0A==}}

@unpublished{Ferraz:2008ab,
	Author = {Cristiano Ferraz},
	Date-Added = {2008-06-13 09:03:07 -0300},
	Date-Modified = {2008-06-13 09:04:20 -0300},
	Keywords = {empirical software engineering, presentation},
	Title = {Apresentacao para o CIN sobre design de experimentos II},
	Year = {2008},
	Bdsk-File-1 = {YnBsaXN0MDDUAQIDBAUGBwpZJGFyY2hpdmVyWCR2ZXJzaW9uVCR0b3BYJG9iamVjdHNfEA9OU0tleWVkQXJjaGl2ZXISAAGGoNEICVRyb290gAGoCwwXGBkaHiVVJG51bGzTDQ4PEBMWWk5TLm9iamVjdHNXTlMua2V5c1YkY2xhc3OiERKABIAFohQVgAKAA4AHXHJlbGF0aXZlUGF0aFlhbGlhc0RhdGFfECQuLi8uLi8uLi8uLi9CaWJEZXNrL0ZlcnJhei8yMDA4YS5wZGbSGw8cHVdOUy5kYXRhTxEBnAAAAAABnAACAAAMTWFjaW50b3NoIEhEAAAAAAAAAAAAAAAAAAAAwlhuBUgrAAAAL9oaCTIwMDhhLnBkZgAAAAAAAAAAAAAAAAAAAAAAAAAAAAAAAAAAAAAAAAAAAAAAAAAAAAAAAAAAAAAAAAAAAAAAAAAv2j3Ed+grAAAAAAAAAAAABAADAAAJIAAAAAAAAAAAAAAAAAAAAAZGZXJyYXoAEAAIAADCWJg1AAAAEQAIAADEeBJbAAAAAQAYAC/aGgAuHOYAKmUDABUyWAAQhhEAAHBCAAIAQ01hY2ludG9zaCBIRDpVc2VyczpyYm9uaWZhY2lvOlByb2plY3RzOnBoZDpCaWJEZXNrOkZlcnJhejoyMDA4YS5wZGYAAA4AFAAJADIAMAAwADgAYQAuAHAAZABmAA8AGgAMAE0AYQBjAGkAbgB0AG8AcwBoACAASABEABIANlVzZXJzL3Jib25pZmFjaW8vUHJvamVjdHMvcGhkL0JpYkRlc2svRmVycmF6LzIwMDhhLnBkZgATAAEvAAAVAAIAEf//AACABtIfICEiWCRjbGFzc2VzWiRjbGFzc25hbWWjIiMkXU5TTXV0YWJsZURhdGFWTlNEYXRhWE5TT2JqZWN00h8gJieiJyRcTlNEaWN0aW9uYXJ5AAgAEQAbACQAKQAyAEQASQBMAFEAUwBcAGIAaQB0AHwAgwCGAIgAigCNAI8AkQCTAKAAqgDRANYA3gJ+AoAChQKOApkCnQKrArICuwLAAsMAAAAAAAACAQAAAAAAAAAoAAAAAAAAAAAAAAAAAAAC0A==}}

@unpublished{Ferraz:2008aa,
	Author = {Cristiano Ferraz},
	Date-Added = {2008-06-13 08:59:48 -0300},
	Date-Modified = {2008-06-13 09:04:33 -0300},
	Keywords = {empirical software engineering,presentation},
	Title = {Apresentacao para o CIN sobre design de experimentos},
	Year = {2008},
	Bdsk-File-1 = {YnBsaXN0MDDUAQIDBAUGBwpZJGFyY2hpdmVyWCR2ZXJzaW9uVCR0b3BYJG9iamVjdHNfEA9OU0tleWVkQXJjaGl2ZXISAAGGoNEICVRyb290gAGoCwwXGBkaHiVVJG51bGzTDQ4PEBMWWk5TLm9iamVjdHNXTlMua2V5c1YkY2xhc3OiERKABIAFohQVgAKAA4AHXHJlbGF0aXZlUGF0aFlhbGlhc0RhdGFfECMuLi8uLi8uLi8uLi9CaWJEZXNrL0ZlcnJhei8yMDA4LnBkZtIbDxwdV05TLmRhdGFPEQGYAAAAAAGYAAIAAAxNYWNpbnRvc2ggSEQAAAAAAAAAAAAAAAAAAADCWG4FSCsAAAAv2hoIMjAwOC5wZGYAAAAAAAAAAAAAAAAAAAAAAAAAAAAAAAAAAAAAAAAAAAAAAAAAAAAAAAAAAAAAAAAAAAAAAAAAAC9L2cRtu/VQREYgcHJ2dwAEAAMAAAkgAAAAAAAAAAAAAAAAAAAABkZlcnJhegAQAAgAAMJYmDUAAAARAAgAAMRt5iUAAAABABgAL9oaAC4c5gAqZQMAFTJYABCGEQAAcEIAAgBCTWFjaW50b3NoIEhEOlVzZXJzOnJib25pZmFjaW86UHJvamVjdHM6cGhkOkJpYkRlc2s6RmVycmF6OjIwMDgucGRmAA4AEgAIADIAMAAwADgALgBwAGQAZgAPABoADABNAGEAYwBpAG4AdABvAHMAaAAgAEgARAASADVVc2Vycy9yYm9uaWZhY2lvL1Byb2plY3RzL3BoZC9CaWJEZXNrL0ZlcnJhei8yMDA4LnBkZgAAEwABLwAAFQACABH//wAAgAbSHyAhIlgkY2xhc3Nlc1okY2xhc3NuYW1loyIjJF1OU011dGFibGVEYXRhVk5TRGF0YVhOU09iamVjdNIfICYnoickXE5TRGljdGlvbmFyeQAIABEAGwAkACkAMgBEAEkATABRAFMAXABiAGkAdAB8AIMAhgCIAIoAjQCPAJEAkwCgAKoA0ADVAN0CeQJ7AoACiQKUApgCpgKtArYCuwK+AAAAAAAAAgEAAAAAAAAAKAAAAAAAAAAAAAAAAAAAAss=}}

@inproceedings{Bonifacio:2008aa,
	Address = {Brussels, Belgium},
	Author = {Rodrigo Bonif\'{a}cio and Paulo Borba and S\'{e}rgio Soares},
	Booktitle = {Early Aspects Workshop at AOSD},
	Date-Added = {2008-06-05 14:28:26 -0300},
	Date-Modified = {2008-06-13 16:06:08 -0300},
	Keywords = {spl, requirements, spg},
	Month = {mar},
	Title = {On the Benefits of Variability Management as Crosscutting},
	Year = {2008}}

@inproceedings{Masuhara:2003aa,
	Author = {Masuhara, H. and Kiczales, G.},
	Booktitle = {European Conference on Object-Oriented Programming (ECOOP)},
	Date-Added = {2008-06-05 14:16:57 -0300},
	Date-Modified = {2008-06-05 14:17:26 -0300},
	Journal = {European Conference on Object-Oriented Programming (ECOOP)},
	Keywords = {aop},
	Pages = {2--28},
	Publisher = {Springer},
	Series = {Lecture Notes in Computer Science},
	Title = {Modeling Crosscutting in Aspect-Oriented Mechanisms},
	Year = {2003}}

@inproceedings{Czarnecki:2006aa,
	Address = {New York, NY, USA},
	Author = {Krzysztof Czarnecki and Krzysztof Pietroszek},
	Booktitle = {GPCE '06: Proceedings of the 5th international conference on Generative programming and component engineering},
	Date-Added = {2008-06-05 12:00:13 -0300},
	Date-Modified = {2008-06-13 08:59:17 -0300},
	Doi = {http://doi.acm.org/10.1145/1173706.1173738},
	Isbn = {1-59593-237-2},
	Keywords = {feature models},
	Location = {Portland, Oregon, USA},
	Pages = {211--220},
	Publisher = {ACM},
	Title = {Verifying feature-based model templates against well-formedness OCL constraints},
	Url = {http://portal.acm.org/ft_gateway.cfm?id=1173738&type=pdf&coll=Portal&dl=GUIDE&CFID=30938136&CFTOKEN=27141921},
	Year = {2006},
	Bdsk-Url-1 = {http://portal.acm.org/ft_gateway.cfm?id=1173738&type=pdf&coll=Portal&dl=GUIDE&CFID=30938136&CFTOKEN=27141921},
	Bdsk-Url-2 = {http://doi.acm.org/10.1145/1173706.1173738}}

@inproceedings{Bertolino:2003aa,
	Address = {New York, NY, USA},
	Author = {Antonia Bertolino and Stefania Gnesi},
	Booktitle = {ESEC/FSE-11: Proceedings of the 9th European software engineering conference},
	Date-Added = {2008-06-05 10:58:03 -0300},
	Date-Modified = {2008-06-05 11:54:23 -0300},
	Doi = {http://doi.acm.org/10.1145/940071.940120},
	Isbn = {1-58113-743-5},
	Keywords = {spl, requirements, tests},
	Location = {Helsinki, Finland},
	Pages = {355--358},
	Publisher = {ACM},
	Title = {Use case-based testing of product lines},
	Url = {http://portal.acm.org/ft_gateway.cfm?id=940120&type=pdf&coll=Portal&dl=GUIDE&CFID=27682544&CFTOKEN=98099700},
	Year = {2003},
	Bdsk-Url-1 = {http://portal.acm.org/ft_gateway.cfm?id=940120&type=pdf&coll=Portal&dl=GUIDE&CFID=27682544&CFTOKEN=98099700},
	Bdsk-Url-2 = {http://doi.acm.org/10.1145/940071.940120}}

@article{Eriksson:2006aa,
	Address = {New York, NY, USA},
	Author = {Magnus Eriksson and Jurgen Borstler and Kjell Borg},
	Date-Added = {2008-06-05 10:57:07 -0300},
	Date-Modified = {2008-06-05 10:57:46 -0300},
	Doi = {http://doi.acm.org/10.1145/1183236.1183265},
	Issn = {0001-0782},
	Journal = {Commun. ACM},
	Keywords = {spl, requirements},
	Number = {12},
	Pages = {49--54},
	Publisher = {ACM Press},
	Title = {Software product line modeling made practical},
	Volume = {49},
	Year = {2006},
	Bdsk-Url-1 = {http://doi.acm.org/10.1145/1183236.1183265}}

@inproceedings{Eriksson:2005aa,
	Author = {Magnus Eriksson and Jurgen Borstler and Kjell Borg},
	Booktitle = {International Conference on Software Product Lines},
	Date-Added = {2008-06-05 10:57:07 -0300},
	Date-Modified = {2008-06-05 10:57:32 -0300},
	Keywords = {spl, requirements},
	Pages = {33--44},
	Publisher = {LNCS},
	Title = {The PLUSS Approach - Domain Modeling with Features, Use Cases and Use Case Realizations},
	Year = {2005}}

@book{Greenfield:2003aa,
	Author = {Greenfield, J. and Short, K.},
	Date-Added = {2008-06-05 10:20:24 -0300},
	Date-Modified = {2008-06-13 08:59:29 -0300},
	Keywords = {software factories},
	Publisher = {ACM Press New York, NY, USA},
	Title = {Software factories: assembling applications with patterns, models, frameworks and tools},
	Year = {2003}}

@book{Czarnecki:2000aa,
	Author = {Czarnecki, K. and Eisenecker, U.W.},
	Date-Added = {2008-06-05 10:13:36 -0300},
	Date-Modified = {2008-06-13 08:59:03 -0300},
	Keywords = {generative programming, feature models},
	Publisher = {ACM Press/Addison-Wesley Publishing Co. New York, NY, USA},
	Title = {Generative programming: methods, tools, and applications},
	Year = {2000}}

@book{Clements:2001aa,
	Author = {Clements, Paul   and Northrop, Linda   and Northrop, Linda  M. },
	Citeulike-Article-Id = {354167},
	Date-Added = {2008-06-05 10:11:25 -0300},
	Date-Modified = {2008-06-05 10:11:33 -0300},
	Howpublished = {Hardcover},
	Isbn = {0201703327},
	Keywords = {architecture, book, product-line},
	Month = {August},
	Posted-At = {2007-06-10 15:46:44},
	Priority = {2},
	Publisher = {{Addison-Wesley Professional}},
	Title = {Software Product Lines : Practices and Patterns},
	Url = {http://www.amazon.ca/exec/obidos/redirect?tag=citeulike09-20\&amp;path=ASIN/0201703327},
	Year = {2001},
	Bdsk-Url-1 = {http://www.amazon.ca/exec/obidos/redirect?tag=citeulike09-20%5C&amp;path=ASIN/0201703327}}

@book{Pohl:2005aa,
	Abstract = {{This textbook addresses students, professionals, lecturers and researchers interested in software product line engineering. With more than 100 examples and about 150 illustrations, the authors describe in detail the essential foundations, principles and techniques of software product line engineering. The authors are professionals and researchers who significantly influenced the software product line engineering paradigm and successfully applied software product line engineering principles in industry. They have structured this textbook around a comprehensive product line framework. Software product line engineering has proven to be the paradigm for developing a diversity of software products and software-intensive systems in shorter time, at lower cost, and with higher quality. It facilitates platform-based development and mass customisation. The authors elaborate on the two key principles behind software product line engineering: (1) the separation of software development in two distinct processes, domain and application engineering; (2) the explicit definition and management of the variability of the product line across all development artefacts. As a student, you will find a detailed description of the key processes, their activities and underlying techniques for defining and managing software product line artefacts. As a researcher or lecturer, you will find a comprehensive discussion of the state of the art organised around the comprehensive framework. As a professional, you will find guidelines for introducing this paradigm in your company and an overview of industrial experiences with software product line engineering.}},
	Author = {Pohl, Klaus   and B\"{o}ckle, G\"{u}nter   and van der Linden, Frank  J. },
	Citeulike-Article-Id = {386084},
	Date-Added = {2008-06-05 09:46:04 -0300},
	Date-Modified = {2008-06-05 09:46:38 -0300},
	Howpublished = {Hardcover},
	Isbn = {3540243720},
	Keywords = {spl},
	Month = {September},
	Posted-At = {2007-01-25 22:14:18},
	Priority = {2},
	Publisher = {Springer},
	Title = {Software Product Line Engineering : Foundations, Principles and Techniques},
	Url = {http://www.amazon.ca/exec/obidos/redirect?tag=citeulike09-20\&amp;path=ASIN/3540243720},
	Year = {2005},
	Bdsk-Url-1 = {http://www.amazon.ca/exec/obidos/redirect?tag=citeulike09-20%5C&amp;path=ASIN/3540243720}}

@inproceedings{Lopes:2005aa,
	Address = {New York, NY, USA},
	Author = {Cristina Videira Lopes and Sushil Krishna Bajracharya},
	Booktitle = {AOSD '05: Proceedings of the 4th international conference on Aspect-oriented software development},
	Date-Added = {2008-05-20 10:20:20 -0300},
	Date-Modified = {2008-06-13 14:35:18 -0300},
	Doi = {http://doi.acm.org/10.1145/1052898.1052900},
	Isbn = {1-59593-042-6},
	Keywords = {aop, modularity},
	Location = {Chicago, Illinois},
	Pages = {15--26},
	Publisher = {ACM},
	Title = {An analysis of modularity in aspect oriented design},
	Url = {http://portal.acm.org/ft_gateway.cfm?id=1052900&type=pdf&coll=GUIDE&dl=GUIDE&CFID=28725800&CFTOKEN=98781932},
	Year = {2005},
	Bdsk-Url-1 = {http://portal.acm.org/ft_gateway.cfm?id=1052900&type=pdf&coll=GUIDE&dl=GUIDE&CFID=28725800&CFTOKEN=98781932},
	Bdsk-Url-2 = {http://doi.acm.org/10.1145/1052898.1052900}}

@phdthesis{Zito:2006aa,
	Address = {Ontario, Canada},
	Author = {Zito, A.P.},
	Date-Added = {2008-05-20 09:19:39 -0300},
	Date-Modified = {2008-05-20 09:25:26 -0300},
	Keywords = {uml package merge},
	Month = {September},
	School = {School of Computing, Quenn's University Kingston},
	Title = {UML's Package Extension Mechanism: Taking a Closer Look at Package Merge},
	Year = {2006},
	Bdsk-File-1 = {YnBsaXN0MDDUAQIDBAUGBwpZJGFyY2hpdmVyWCR2ZXJzaW9uVCR0b3BYJG9iamVjdHNfEA9OU0tleWVkQXJjaGl2ZXISAAGGoNEICVRyb290gAGoCwwXGBkaHiVVJG51bGzTDQ4PEBMWWk5TLm9iamVjdHNXTlMua2V5c1YkY2xhc3OiERKABIAFohQVgAKAA4AHXHJlbGF0aXZlUGF0aFlhbGlhc0RhdGFfECEuLi8uLi8uLi8uLi9CaWJEZXNrL1ppdG8vMjAwNi5wZGbSGw8cHVdOUy5kYXRhTxEBkgAAAAABkgACAAAMTWFjaW50b3NoIEhEAAAAAAAAAAAAAAAAAAAAwlhuBUgrAAAALllLCDIwMDYucGRmAAAAAAAAAAAAAAAAAAAAAAAAAAAAAAAAAAAAAAAAAAAAAAAAAAAAAAAAAAAAAAAAAAAAAAAAAAAuWT7EWEjfUERGIENBUk8ABAADAAAJIAAAAAAAAAAAAAAAAAAAAARaaXRvABAACAAAwliYNQAAABEACAAAxFhzDwAAAAEAGAAuWUsALhzmACplAwAVMlgAEIYRAABwQgACAEBNYWNpbnRvc2ggSEQ6VXNlcnM6cmJvbmlmYWNpbzpQcm9qZWN0czpwaGQ6QmliRGVzazpaaXRvOjIwMDYucGRmAA4AEgAIADIAMAAwADYALgBwAGQAZgAPABoADABNAGEAYwBpAG4AdABvAHMAaAAgAEgARAASADNVc2Vycy9yYm9uaWZhY2lvL1Byb2plY3RzL3BoZC9CaWJEZXNrL1ppdG8vMjAwNi5wZGYAABMAAS8AABUAAgAR//8AAIAG0h8gISJYJGNsYXNzZXNaJGNsYXNzbmFtZaMiIyRdTlNNdXRhYmxlRGF0YVZOU0RhdGFYTlNPYmplY3TSHyAmJ6InJFxOU0RpY3Rpb25hcnkACAARABsAJAApADIARABJAEwAUQBTAFwAYgBpAHQAfACDAIYAiACKAI0AjwCRAJMAoACqAM4A0wDbAnECcwJ4AoECjAKQAp4CpQKuArMCtgAAAAAAAAIBAAAAAAAAACgAAAAAAAAAAAAAAAAAAALD}}

@article{Zito:2006ab,
	Author = {Zito, A. and Dingel, J.},
	Date-Added = {2008-05-20 09:19:38 -0300},
	Date-Modified = {2008-05-20 09:26:04 -0300},
	Journal = {First Alloy Workshop},
	Keywords = {uml package merge},
	Title = {Modeling UML 2 Package Merge With Alloy},
	Year = {2006},
	Bdsk-File-1 = {YnBsaXN0MDDUAQIDBAUGBwpZJGFyY2hpdmVyWCR2ZXJzaW9uVCR0b3BYJG9iamVjdHNfEA9OU0tleWVkQXJjaGl2ZXISAAGGoNEICVRyb290gAGoCwwXGBkaHiVVJG51bGzTDQ4PEBMWWk5TLm9iamVjdHNXTlMua2V5c1YkY2xhc3OiERKABIAFohQVgAKAA4AHXHJlbGF0aXZlUGF0aFlhbGlhc0RhdGFfECIuLi8uLi8uLi8uLi9CaWJEZXNrL1ppdG8vMjAwNmEucGRm0hsPHB1XTlMuZGF0YU8RAZYAAAAAAZYAAgAADE1hY2ludG9zaCBIRAAAAAAAAAAAAAAAAAAAAMJYbgVIKwAAAC5ZSwkyMDA2YS5wZGYAAAAAAAAAAAAAAAAAAAAAAAAAAAAAAAAAAAAAAAAAAAAAAAAAAAAAAAAAAAAAAAAAAAAAAAAALlkuxFhIiFBERiBDQVJPAAQAAwAACSAAAAAAAAAAAAAAAAAAAAAEWml0bwAQAAgAAMJYmDUAAAARAAgAAMRYcrgAAAABABgALllLAC4c5gAqZQMAFTJYABCGEQAAcEIAAgBBTWFjaW50b3NoIEhEOlVzZXJzOnJib25pZmFjaW86UHJvamVjdHM6cGhkOkJpYkRlc2s6Wml0bzoyMDA2YS5wZGYAAA4AFAAJADIAMAAwADYAYQAuAHAAZABmAA8AGgAMAE0AYQBjAGkAbgB0AG8AcwBoACAASABEABIANFVzZXJzL3Jib25pZmFjaW8vUHJvamVjdHMvcGhkL0JpYkRlc2svWml0by8yMDA2YS5wZGYAEwABLwAAFQACABH//wAAgAbSHyAhIlgkY2xhc3Nlc1okY2xhc3NuYW1loyIjJF1OU011dGFibGVEYXRhVk5TRGF0YVhOU09iamVjdNIfICYnoickXE5TRGljdGlvbmFyeQAIABEAGwAkACkAMgBEAEkATABRAFMAXABiAGkAdAB8AIMAhgCIAIoAjQCPAJEAkwCgAKoAzwDUANwCdgJ4An0ChgKRApUCowKqArMCuAK7AAAAAAAAAgEAAAAAAAAAKAAAAAAAAAAAAAAAAAAAAsg=}}

@article{Melnik:2006aa,
	Address = {Los Alamitos, CA, USA},
	Author = {Grigori Melnik and Frank Maurer and Carmen Zannier},
	Date-Added = {2008-05-14 06:32:13 -0300},
	Date-Modified = {2008-05-14 06:33:05 -0300},
	Doi = {http://doi.ieeecomputersociety.org/10.1145/1134285.1134333},
	Isbn = {1-59593-375-1},
	Journal = {icse},
	Keywords = {empirical software engineering},
	Pages = {341-350},
	Publisher = {IEEE Computer Society},
	Title = {On the success of empirical studies in the international conference on software engineering},
	Volume = {0},
	Year = {2006},
	Bdsk-File-1 = {YnBsaXN0MDDUAQIDBAUGBwpZJGFyY2hpdmVyWCR2ZXJzaW9uVCR0b3BYJG9iamVjdHNfEA9OU0tleWVkQXJjaGl2ZXISAAGGoNEICVRyb290gAGoCwwXGBkaHiVVJG51bGzTDQ4PEBMWWk5TLm9iamVjdHNXTlMua2V5c1YkY2xhc3OiERKABIAFohQVgAKAA4AHXHJlbGF0aXZlUGF0aFlhbGlhc0RhdGFfECMuLi8uLi8uLi8uLi9CaWJEZXNrL01lbG5pay8yMDA2LnBkZtIbDxwdV05TLmRhdGFPEQGYAAAAAAGYAAIAAAxNYWNpbnRvc2ggSEQAAAAAAAAAAAAAAAAAAADCWG4FSCsAAAAuQIQIMjAwNi5wZGYAAAAAAAAAAAAAAAAAAAAAAAAAAAAAAAAAAAAAAAAAAAAAAAAAAAAAAAAAAAAAAAAAAAAAAAAAAC5AesRQOAJQREYgcHJ2dwAEAAMAAAkgAAAAAAAAAAAAAAAAAAAABk1lbG5pawAQAAgAAMJYmDUAAAARAAgAAMRQYjIAAAABABgALkCEAC4c5gAqZQMAFTJYABCGEQAAcEIAAgBCTWFjaW50b3NoIEhEOlVzZXJzOnJib25pZmFjaW86UHJvamVjdHM6cGhkOkJpYkRlc2s6TWVsbmlrOjIwMDYucGRmAA4AEgAIADIAMAAwADYALgBwAGQAZgAPABoADABNAGEAYwBpAG4AdABvAHMAaAAgAEgARAASADVVc2Vycy9yYm9uaWZhY2lvL1Byb2plY3RzL3BoZC9CaWJEZXNrL01lbG5pay8yMDA2LnBkZgAAEwABLwAAFQACABH//wAAgAbSHyAhIlgkY2xhc3Nlc1okY2xhc3NuYW1loyIjJF1OU011dGFibGVEYXRhVk5TRGF0YVhOU09iamVjdNIfICYnoickXE5TRGljdGlvbmFyeQAIABEAGwAkACkAMgBEAEkATABRAFMAXABiAGkAdAB8AIMAhgCIAIoAjQCPAJEAkwCgAKoA0ADVAN0CeQJ7AoACiQKUApgCpgKtArYCuwK+AAAAAAAAAgEAAAAAAAAAKAAAAAAAAAAAAAAAAAAAAss=},
	Bdsk-Url-1 = {http://doi.ieeecomputersociety.org/10.1145/1134285.1134333}}

@article{Sjoberg:2007aa,
	Address = {Los Alamitos, CA, USA},
	Author = {1 Sjoberg and 1 Dyba and 1 Jorgensen},
	Date-Added = {2008-05-14 06:29:38 -0300},
	Date-Modified = {2008-05-14 06:31:11 -0300},
	Doi = {http://doi.ieeecomputersociety.org/10.1109/FOSE.2007.30},
	Isbn = {0-7695-2829-5},
	Journal = {fose},
	Keywords = {empirical software engineering},
	Pages = {358-378},
	Publisher = {IEEE Computer Society},
	Title = {The Future of Empirical Methods in Software Engineering Research},
	Volume = {00},
	Year = {2007},
	Bdsk-File-1 = {YnBsaXN0MDDUAQIDBAUGBwpZJGFyY2hpdmVyWCR2ZXJzaW9uVCR0b3BYJG9iamVjdHNfEA9OU0tleWVkQXJjaGl2ZXISAAGGoNEICVRyb290gAGoCwwXGBkaHiVVJG51bGzTDQ4PEBMWWk5TLm9iamVjdHNXTlMua2V5c1YkY2xhc3OiERKABIAFohQVgAKAA4AHXHJlbGF0aXZlUGF0aFlhbGlhc0RhdGFfECQuLi8uLi8uLi8uLi9CaWJEZXNrL1Nqb2JlcmcvMjAwNy5wZGbSGw8cHVdOUy5kYXRhTxEBnAAAAAABnAACAAAMTWFjaW50b3NoIEhEAAAAAAAAAAAAAAAAAAAAwlhuBUgrAAAALkBrCDIwMDcucGRmAAAAAAAAAAAAAAAAAAAAAAAAAAAAAAAAAAAAAAAAAAAAAAAAAAAAAAAAAAAAAAAAAAAAAAAAAAAuQGHEUDeCUERGIHBydncABAADAAAJIAAAAAAAAAAAAAAAAAAAAAdTam9iZXJnAAAQAAgAAMJYmDUAAAARAAgAAMRQYbIAAAABABgALkBrAC4c5gAqZQMAFTJYABCGEQAAcEIAAgBDTWFjaW50b3NoIEhEOlVzZXJzOnJib25pZmFjaW86UHJvamVjdHM6cGhkOkJpYkRlc2s6U2pvYmVyZzoyMDA3LnBkZgAADgASAAgAMgAwADAANwAuAHAAZABmAA8AGgAMAE0AYQBjAGkAbgB0AG8AcwBoACAASABEABIANlVzZXJzL3Jib25pZmFjaW8vUHJvamVjdHMvcGhkL0JpYkRlc2svU2pvYmVyZy8yMDA3LnBkZgATAAEvAAAVAAIAEf//AACABtIfICEiWCRjbGFzc2VzWiRjbGFzc25hbWWjIiMkXU5TTXV0YWJsZURhdGFWTlNEYXRhWE5TT2JqZWN00h8gJieiJyRcTlNEaWN0aW9uYXJ5AAgAEQAbACQAKQAyAEQASQBMAFEAUwBcAGIAaQB0AHwAgwCGAIgAigCNAI8AkQCTAKAAqgDRANYA3gJ+AoAChQKOApkCnQKrArICuwLAAsMAAAAAAAACAQAAAAAAAAAoAAAAAAAAAAAAAAAAAAAC0A==},
	Bdsk-Url-1 = {http://doi.ieeecomputersociety.org/10.1109/FOSE.2007.30}}

@article{Tichy:2007aa,
	Address = {Los Alamitos, CA, USA},
	Author = {1 Tichy and 1 Padberg},
	Date-Added = {2008-05-14 06:28:18 -0300},
	Date-Modified = {2008-05-14 06:29:06 -0300},
	Doi = {http://doi.ieeecomputersociety.org/10.1109/ICSECOMPANION.2007.33},
	Isbn = {0-7695-2892-9},
	Journal = {icsecompanion},
	Keywords = {empirical software engineering},
	Pages = {163-164},
	Publisher = {IEEE Computer Society},
	Title = {Empirical Methods in Software Engineering Research},
	Volume = {00},
	Year = {2007},
	Bdsk-File-1 = {YnBsaXN0MDDUAQIDBAUGBwpZJGFyY2hpdmVyWCR2ZXJzaW9uVCR0b3BYJG9iamVjdHNfEA9OU0tleWVkQXJjaGl2ZXISAAGGoNEICVRyb290gAGoCwwXGBkaHiVVJG51bGzTDQ4PEBMWWk5TLm9iamVjdHNXTlMua2V5c1YkY2xhc3OiERKABIAFohQVgAKAA4AHXHJlbGF0aXZlUGF0aFlhbGlhc0RhdGFfECIuLi8uLi8uLi8uLi9CaWJEZXNrL1RpY2h5LzIwMDcucGRm0hsPHB1XTlMuZGF0YU8RAZYAAAAAAZYAAgAADE1hY2ludG9zaCBIRAAAAAAAAAAAAAAAAAAAAMJYbgVIKwAAAC5ASAgyMDA3LnBkZgAAAAAAAAAAAAAAAAAAAAAAAAAAAAAAAAAAAAAAAAAAAAAAAAAAAAAAAAAAAAAAAAAAAAAAAAAALkA8xFA3FVBERiBwcnZ3AAQAAwAACSAAAAAAAAAAAAAAAAAAAAAFVGljaHkAABAACAAAwliYNQAAABEACAAAxFBhRQAAAAEAGAAuQEgALhzmACplAwAVMlgAEIYRAABwQgACAEFNYWNpbnRvc2ggSEQ6VXNlcnM6cmJvbmlmYWNpbzpQcm9qZWN0czpwaGQ6QmliRGVzazpUaWNoeToyMDA3LnBkZgAADgASAAgAMgAwADAANwAuAHAAZABmAA8AGgAMAE0AYQBjAGkAbgB0AG8AcwBoACAASABEABIANFVzZXJzL3Jib25pZmFjaW8vUHJvamVjdHMvcGhkL0JpYkRlc2svVGljaHkvMjAwNy5wZGYAEwABLwAAFQACABH//wAAgAbSHyAhIlgkY2xhc3Nlc1okY2xhc3NuYW1loyIjJF1OU011dGFibGVEYXRhVk5TRGF0YVhOU09iamVjdNIfICYnoickXE5TRGljdGlvbmFyeQAIABEAGwAkACkAMgBEAEkATABRAFMAXABiAGkAdAB8AIMAhgCIAIoAjQCPAJEAkwCgAKoAzwDUANwCdgJ4An0ChgKRApUCowKqArMCuAK7AAAAAAAAAgEAAAAAAAAAKAAAAAAAAAAAAAAAAAAAAsg=},
	Bdsk-Url-1 = {http://doi.ieeecomputersociety.org/10.1109/ICSECOMPANION.2007.33}}

@article{Cao:2008aa,
	Address = {Los Alamitos, CA, USA},
	Author = {Lan Cao and Balasubramaniam Ramesh},
	Date-Added = {2008-05-14 06:24:56 -0300},
	Date-Modified = {2008-05-14 06:26:11 -0300},
	Doi = {http://doi.ieeecomputersociety.org/10.1109/MS.2008.1},
	Issn = {0740-7459},
	Journal = {IEEE Software},
	Keywords = {empirical software engineering},
	Number = {01},
	Pages = {60-67},
	Publisher = {IEEE Computer Society},
	Title = {Agile Requirements Engineering Practices: An Empirical Study},
	Volume = {25},
	Year = {2008},
	Bdsk-File-1 = {YnBsaXN0MDDUAQIDBAUGBwpZJGFyY2hpdmVyWCR2ZXJzaW9uVCR0b3BYJG9iamVjdHNfEA9OU0tleWVkQXJjaGl2ZXISAAGGoNEICVRyb290gAGoCwwXGBkaHiVVJG51bGzTDQ4PEBMWWk5TLm9iamVjdHNXTlMua2V5c1YkY2xhc3OiERKABIAFohQVgAKAA4AHXHJlbGF0aXZlUGF0aFlhbGlhc0RhdGFfECAuLi8uLi8uLi8uLi9CaWJEZXNrL0Nhby8yMDA4LnBkZtIbDxwdV05TLmRhdGFPEQGQAAAAAAGQAAIAAAxNYWNpbnRvc2ggSEQAAAAAAAAAAAAAAAAAAADCWG4FSCsAAAAuQC0IMjAwOC5wZGYAAAAAAAAAAAAAAAAAAAAAAAAAAAAAAAAAAAAAAAAAAAAAAAAAAAAAAAAAAAAAAAAAAAAAAAAAAC5AIsRQNlFQREYgcHJ2dwAEAAMAAAkgAAAAAAAAAAAAAAAAAAAAA0NhbwAAEAAIAADCWJg1AAAAEQAIAADEUGCBAAAAAQAYAC5ALQAuHOYAKmUDABUyWAAQhhEAAHBCAAIAP01hY2ludG9zaCBIRDpVc2VyczpyYm9uaWZhY2lvOlByb2plY3RzOnBoZDpCaWJEZXNrOkNhbzoyMDA4LnBkZgAADgASAAgAMgAwADAAOAAuAHAAZABmAA8AGgAMAE0AYQBjAGkAbgB0AG8AcwBoACAASABEABIAMlVzZXJzL3Jib25pZmFjaW8vUHJvamVjdHMvcGhkL0JpYkRlc2svQ2FvLzIwMDgucGRmABMAAS8AABUAAgAR//8AAIAG0h8gISJYJGNsYXNzZXNaJGNsYXNzbmFtZaMiIyRdTlNNdXRhYmxlRGF0YVZOU0RhdGFYTlNPYmplY3TSHyAmJ6InJFxOU0RpY3Rpb25hcnkACAARABsAJAApADIARABJAEwAUQBTAFwAYgBpAHQAfACDAIYAiACKAI0AjwCRAJMAoACqAM0A0gDaAm4CcAJ1An4CiQKNApsCogKrArACswAAAAAAAAIBAAAAAAAAACgAAAAAAAAAAAAAAAAAAALA},
	Bdsk-Url-1 = {http://doi.ieeecomputersociety.org/10.1109/MS.2008.1}}

@article{MendonAa:2008aa,
	Author = {Mendon{\~A}{\S}a, Manoel G. and Maldonado, Jos{\~A}{\copyright} C. and Oliveira, Maria C.F. de and Carver, Jeffrey and Fabbri, Sandra C.P.F. and Shull, Forrest and Travassos, Guilherme H. and H{\~A}¶hn, Erika Nina and Basili, Victor R.},
	Date-Added = {2008-05-13 18:30:43 -0300},
	Date-Modified = {2008-06-13 09:04:45 -0300},
	Doi = {10.1109/ICECCS.2008.38},
	Journal = {Engineering of Complex Computer Systems, 2008. ICECCS 2008. 13th IEEE International Conference on},
	Keywords = {empirical software engineering},
	Pages = {203-212},
	Title = {A Framework for Software Engineering Experimental Replications},
	Year = {March 31 2008-April 3 2008},
	Bdsk-File-1 = {YnBsaXN0MDDUAQIDBAUGBwpZJGFyY2hpdmVyWCR2ZXJzaW9uVCR0b3BYJG9iamVjdHNfEA9OU0tleWVkQXJjaGl2ZXISAAGGoNEICVRyb290gAGoCwwXGBkaHiVVJG51bGzTDQ4PEBMWWk5TLm9iamVjdHNXTlMua2V5c1YkY2xhc3OiERKABIAFohQVgAKAA4AHXHJlbGF0aXZlUGF0aFlhbGlhc0RhdGFvECcALgAuAC8ALgAuAC8ALgAuAC8ALgAuAC8AQgBpAGIARABlAHMAawAvAE0AZQBuAGQAbwBuAEEDAwCnAGEALwAyADAAMAA4AC4AcABkAGbSGw8cHVdOUy5kYXRhTxEBpgAAAAABpgACAAAMTWFjaW50b3NoIEhEAAAAAAAAAAAAAAAAAAAAwlhuBUgrAAAALj6tCDIwMDgucGRmAAAAAAAAAAAAAAAAAAAAAAAAAAAAAAAAAAAAAAAAAAAAAAAAAAAAAAAAAAAAAAAAAAAAAAAAAAAuPqHET47cUERGIHBydncABAADAAAJIAAAAAAAAAAAAAAAAAAAAAlNZW5kb27MpGEAABAACAAAwliYNQAAABEACAAAxE+5DAAAAAEAGAAuPq0ALhzmACplAwAVMlgAEIYRAABwQgACAEVNYWNpbnRvc2ggSEQ6VXNlcnM6cmJvbmlmYWNpbzpQcm9qZWN0czpwaGQ6QmliRGVzazpNZW5kb27MpGE6MjAwOC5wZGYAAA4AEgAIADIAMAAwADgALgBwAGQAZgAPABoADABNAGEAYwBpAG4AdABvAHMAaAAgAEgARAASADtVc2Vycy9yYm9uaWZhY2lvL1Byb2plY3RzL3BoZC9CaWJEZXNrL01lbmRvbkHMg8KnYS8yMDA4LnBkZgAAEwABLwAAFQACABH//wAAgAbSHyAhIlgkY2xhc3Nlc1okY2xhc3NuYW1loyIjJF1OU011dGFibGVEYXRhVk5TRGF0YVhOU09iamVjdNIfICYnoickXE5TRGljdGlvbmFyeQAIABEAGwAkACkAMgBEAEkATABRAFMAXABiAGkAdAB8AIMAhgCIAIoAjQCPAJEAkwCgAKoA+wEAAQgCsgK0ArkCwgLNAtEC3wLmAu8C9AL3AAAAAAAAAgEAAAAAAAAAKAAAAAAAAAAAAAAAAAAAAwQ=},
	Bdsk-Url-1 = {http://dx.doi.org/10.1109/ICECCS.2008.38}}

@article{Jedlitschka:2017aa,
	Author = {Jedlitschka, A. and Pfahl, D.},
	Date-Added = {2008-05-13 18:29:21 -0300},
	Date-Modified = {2008-05-13 18:31:37 -0300},
	Doi = {10.1109/ISESE.2005.1541818},
	Journal = {Empirical Software Engineering, 2005. 2005 International Symposium on},
	Keywords = { empirical software engineering},
	Pages = { 10 pp.-},
	Title = {Reporting guidelines for controlled experiments in software engineering},
	Year = {17-18 Nov. 2005},
	Bdsk-File-1 = {YnBsaXN0MDDUAQIDBAUGBwpZJGFyY2hpdmVyWCR2ZXJzaW9uVCR0b3BYJG9iamVjdHNfEA9OU0tleWVkQXJjaGl2ZXISAAGGoNEICVRyb290gAGoCwwXGBkaHiVVJG51bGzTDQ4PEBMWWk5TLm9iamVjdHNXTlMua2V5c1YkY2xhc3OiERKABIAFohQVgAKAA4AHXHJlbGF0aXZlUGF0aFlhbGlhc0RhdGFfECguLi8uLi8uLi8uLi9CaWJEZXNrL0plZGxpdHNjaGthLzIwMTcucGRm0hsPHB1XTlMuZGF0YU8RAagAAAAAAagAAgAADE1hY2ludG9zaCBIRAAAAAAAAAAAAAAAAAAAAMJYbgVIKwAAAC4+wQgyMDE3LnBkZgAAAAAAAAAAAAAAAAAAAAAAAAAAAAAAAAAAAAAAAAAAAAAAAAAAAAAAAAAAAAAAAAAAAAAAAAAALj6DxE+OilBERiBwcnZ3AAQAAwAACSAAAAAAAAAAAAAAAAAAAAALSmVkbGl0c2Noa2EAABAACAAAwliYNQAAABEACAAAxE+4ugAAAAEAGAAuPsEALhzmACplAwAVMlgAEIYRAABwQgACAEdNYWNpbnRvc2ggSEQ6VXNlcnM6cmJvbmlmYWNpbzpQcm9qZWN0czpwaGQ6QmliRGVzazpKZWRsaXRzY2hrYToyMDE3LnBkZgAADgASAAgAMgAwADEANwAuAHAAZABmAA8AGgAMAE0AYQBjAGkAbgB0AG8AcwBoACAASABEABIAOlVzZXJzL3Jib25pZmFjaW8vUHJvamVjdHMvcGhkL0JpYkRlc2svSmVkbGl0c2Noa2EvMjAxNy5wZGYAEwABLwAAFQACABH//wAAgAbSHyAhIlgkY2xhc3Nlc1okY2xhc3NuYW1loyIjJF1OU011dGFibGVEYXRhVk5TRGF0YVhOU09iamVjdNIfICYnoickXE5TRGljdGlvbmFyeQAIABEAGwAkACkAMgBEAEkATABRAFMAXABiAGkAdAB8AIMAhgCIAIoAjQCPAJEAkwCgAKoA1QDaAOICjgKQApUCngKpAq0CuwLCAssC0ALTAAAAAAAAAgEAAAAAAAAAKAAAAAAAAAAAAAAAAAAAAuA=},
	Bdsk-Url-1 = {http://dx.doi.org/10.1109/ISESE.2005.1541818}}

@article{Jaccheri:2019aa,
	Author = {Jaccheri, L. and Osterlie, T.},
	Date-Added = {2008-05-13 18:26:23 -0300},
	Date-Modified = {2008-05-13 18:32:15 -0300},
	Doi = {10.1109/METRICS.2005.16},
	Issn = {1530-1435 },
	Journal = {Software Metrics, 2005. 11th IEEE International Symposium},
	Keywords = {empirical software engineering},
	Pages = { 25-25},
	Title = {Can We Teach Empirical Software Engineering?},
	Year = {19-22 Sept. 2005},
	Bdsk-File-1 = {YnBsaXN0MDDUAQIDBAUGBwpZJGFyY2hpdmVyWCR2ZXJzaW9uVCR0b3BYJG9iamVjdHNfEA9OU0tleWVkQXJjaGl2ZXISAAGGoNEICVRyb290gAGoCwwXGBkaHiVVJG51bGzTDQ4PEBMWWk5TLm9iamVjdHNXTlMua2V5c1YkY2xhc3OiERKABIAFohQVgAKAA4AHXHJlbGF0aXZlUGF0aFlhbGlhc0RhdGFfECUuLi8uLi8uLi8uLi9CaWJEZXNrL0phY2NoZXJpLzIwMTkucGRm0hsPHB1XTlMuZGF0YU8RAZ4AAAAAAZ4AAgAADE1hY2ludG9zaCBIRAAAAAAAAAAAAAAAAAAAAMJYbgVIKwAAAC4+cggyMDE5LnBkZgAAAAAAAAAAAAAAAAAAAAAAAAAAAAAAAAAAAAAAAAAAAAAAAAAAAAAAAAAAAAAAAAAAAAAAAAAALj5qxE+OJ1BERiBwcnZ3AAQAAwAACSAAAAAAAAAAAAAAAAAAAAAISmFjY2hlcmkAEAAIAADCWJg1AAAAEQAIAADET7hXAAAAAQAYAC4+cgAuHOYAKmUDABUyWAAQhhEAAHBCAAIARE1hY2ludG9zaCBIRDpVc2VyczpyYm9uaWZhY2lvOlByb2plY3RzOnBoZDpCaWJEZXNrOkphY2NoZXJpOjIwMTkucGRmAA4AEgAIADIAMAAxADkALgBwAGQAZgAPABoADABNAGEAYwBpAG4AdABvAHMAaAAgAEgARAASADdVc2Vycy9yYm9uaWZhY2lvL1Byb2plY3RzL3BoZC9CaWJEZXNrL0phY2NoZXJpLzIwMTkucGRmAAATAAEvAAAVAAIAEf//AACABtIfICEiWCRjbGFzc2VzWiRjbGFzc25hbWWjIiMkXU5TTXV0YWJsZURhdGFWTlNEYXRhWE5TT2JqZWN00h8gJieiJyRcTlNEaWN0aW9uYXJ5AAgAEQAbACQAKQAyAEQASQBMAFEAUwBcAGIAaQB0AHwAgwCGAIgAigCNAI8AkQCTAKAAqgDSANcA3wKBAoMCiAKRApwCoAKuArUCvgLDAsYAAAAAAAACAQAAAAAAAAAoAAAAAAAAAAAAAAAAAAAC0w==},
	Bdsk-Url-1 = {http://dx.doi.org/10.1109/METRICS.2005.16}}

@article{Pfleeger:1999aa,
	Author = {Pfleeger, S.L.},
	Date-Added = {2008-05-13 18:18:24 -0300},
	Date-Modified = {2008-05-13 18:32:01 -0300},
	Doi = {10.1109/2.796106},
	Issn = {0018-9162},
	Journal = {Computer},
	Keywords = {empirical software engineering},
	Number = {10},
	Pages = {32-38},
	Title = {Albert Einstein and empirical software engineering},
	Volume = {32},
	Year = {Oct 1999},
	Bdsk-File-1 = {YnBsaXN0MDDUAQIDBAUGBwpZJGFyY2hpdmVyWCR2ZXJzaW9uVCR0b3BYJG9iamVjdHNfEA9OU0tleWVkQXJjaGl2ZXISAAGGoNEICVRyb290gAGoCwwXGBkaHiVVJG51bGzTDQ4PEBMWWk5TLm9iamVjdHNXTlMua2V5c1YkY2xhc3OiERKABIAFohQVgAKAA4AHXHJlbGF0aXZlUGF0aFlhbGlhc0RhdGFfECUuLi8uLi8uLi8uLi8uLi8uLi8uVHJhc2gvMDA3OTYxMDYucGRm0hsPHB1XTlMuZGF0YU8RAXIAAAAAAXIAAgAADE1hY2ludG9zaCBIRAAAAAAAAAAAAAAAAAAAAMJYbgVIKwAAACf1mQwwMDc5NjEwNi5wZGYAAAAAAAAAAAAAAAAAAAAAAAAAAAAAAAAAAAAAAAAAAAAAAAAAAAAAAAAAAAAAAAAAAAAALj2IxE+MDVBERiBwcnZ3AAYAAgAACSAAAAAAAAAAAAAAAAAAAAAGLlRyYXNoABAACAAAwliYNQAAABEACAAAxE+2PQAAAAEADAAn9ZkAEIYRAABwQgACADFNYWNpbnRvc2ggSEQ6VXNlcnM6cmJvbmlmYWNpbzouVHJhc2g6MDA3OTYxMDYucGRmAAAOABoADAAwADAANwA5ADYAMQAwADYALgBwAGQAZgAPABoADABNAGEAYwBpAG4AdABvAHMAaAAgAEgARAASACRVc2Vycy9yYm9uaWZhY2lvLy5UcmFzaC8wMDc5NjEwNi5wZGYAEwABLwAAFQACABH//wAAgAbSHyAhIlgkY2xhc3Nlc1okY2xhc3NuYW1loyIjJF1OU011dGFibGVEYXRhVk5TRGF0YVhOU09iamVjdNIfICYnoickXE5TRGljdGlvbmFyeQAIABEAGwAkACkAMgBEAEkATABRAFMAXABiAGkAdAB8AIMAhgCIAIoAjQCPAJEAkwCgAKoA0gDXAN8CVQJXAlwCZQJwAnQCggKJApIClwKaAAAAAAAAAgEAAAAAAAAAKAAAAAAAAAAAAAAAAAAAAqc=},
	Bdsk-Url-1 = {http://dx.doi.org/10.1109/2.796106}}

@article{Shull:2002aa,
	Author = {Shull, F. and Basili, V. and Carver, J. and Maldonado, J.C. and Travassos, G.H. and Mendonca, M. and Fabbri, S.},
	Date-Added = {2008-05-13 18:06:08 -0300},
	Date-Modified = {2008-05-13 18:31:48 -0300},
	Doi = {10.1109/ISESE.2002.1166920},
	Issn = { },
	Journal = {Empirical Software Engineering, 2002. Proceedings. 2002 International Symposium n},
	Keywords = { empirical software engineering},
	Pages = { 7-16},
	Title = {Replicating software engineering experiments: addressing the tacit knowledge problem},
	Year = {2002},
	Bdsk-File-1 = {YnBsaXN0MDDUAQIDBAUGBwpZJGFyY2hpdmVyWCR2ZXJzaW9uVCR0b3BYJG9iamVjdHNfEA9OU0tleWVkQXJjaGl2ZXISAAGGoNEICVRyb290gAGoCwwXGBkaHiVVJG51bGzTDQ4PEBMWWk5TLm9iamVjdHNXTlMua2V5c1YkY2xhc3OiERKABIAFohQVgAKAA4AHXHJlbGF0aXZlUGF0aFlhbGlhc0RhdGFfECIuLi8uLi8uLi8uLi9CaWJEZXNrL1NodWxsLzIwMDIucGRm0hsPHB1XTlMuZGF0YU8RAZYAAAAAAZYAAgAADE1hY2ludG9zaCBIRAAAAAAAAAAAAAAAAAAAAMJYbgVIKwAAAC49NwgyMDAyLnBkZgAAAAAAAAAAAAAAAAAAAAAAAAAAAAAAAAAAAAAAAAAAAAAAAAAAAAAAAAAAAAAAAAAAAAAAAAAALj0txE+JHVBERiBwcnZ3AAQAAwAACSAAAAAAAAAAAAAAAAAAAAAFU2h1bGwAABAACAAAwliYNQAAABEACAAAxE+zTQAAAAEAGAAuPTcALhzmACplAwAVMlgAEIYRAABwQgACAEFNYWNpbnRvc2ggSEQ6VXNlcnM6cmJvbmlmYWNpbzpQcm9qZWN0czpwaGQ6QmliRGVzazpTaHVsbDoyMDAyLnBkZgAADgASAAgAMgAwADAAMgAuAHAAZABmAA8AGgAMAE0AYQBjAGkAbgB0AG8AcwBoACAASABEABIANFVzZXJzL3Jib25pZmFjaW8vUHJvamVjdHMvcGhkL0JpYkRlc2svU2h1bGwvMjAwMi5wZGYAEwABLwAAFQACABH//wAAgAbSHyAhIlgkY2xhc3Nlc1okY2xhc3NuYW1loyIjJF1OU011dGFibGVEYXRhVk5TRGF0YVhOU09iamVjdNIfICYnoickXE5TRGljdGlvbmFyeQAIABEAGwAkACkAMgBEAEkATABRAFMAXABiAGkAdAB8AIMAhgCIAIoAjQCPAJEAkwCgAKoAzwDUANwCdgJ4An0ChgKRApUCowKqArMCuAK7AAAAAAAAAgEAAAAAAAAAKAAAAAAAAAAAAAAAAAAAAsg=},
	Bdsk-Url-1 = {http://dx.doi.org/10.1109/ISESE.2002.1166920}}

@article{Sjoberg:2002aa,
	Author = {Sjoberg, D.I.K. and Anda, B. and Arisholm, E. and Dyba, T. and Jorgensen, M. and Karahasanovic, A. and Koren, E.F. and Vokac, M.},
	Date-Added = {2008-05-13 18:06:08 -0300},
	Date-Modified = {2008-05-13 18:31:27 -0300},
	Doi = {10.1109/ISESE.2002.1166921},
	Issn = { },
	Journal = {Empirical Software Engineering, 2002. Proceedings. 2002 International Symposium n},
	Keywords = { empirical software engineering},
	Pages = { 17-26},
	Title = {Conducting realistic experiments in software engineering},
	Year = {2002},
	Bdsk-File-1 = {YnBsaXN0MDDUAQIDBAUGBwpZJGFyY2hpdmVyWCR2ZXJzaW9uVCR0b3BYJG9iamVjdHNfEA9OU0tleWVkQXJjaGl2ZXISAAGGoNEICVRyb290gAGoCwwXGBkaHiVVJG51bGzTDQ4PEBMWWk5TLm9iamVjdHNXTlMua2V5c1YkY2xhc3OiERKABIAFohQVgAKAA4AHXHJlbGF0aXZlUGF0aFlhbGlhc0RhdGFfECUuLi8uLi8uLi8uLi8uLi8uLi8uVHJhc2gvMDExNjY5MjEucGRm0hsPHB1XTlMuZGF0YU8RAXIAAAAAAXIAAgAADE1hY2ludG9zaCBIRAAAAAAAAAAAAAAAAAAAAMJYbgVIKwAAACf1mQwwMTE2NjkyMS5wZGYAAAAAAAAAAAAAAAAAAAAAAAAAAAAAAAAAAAAAAAAAAAAAAAAAAAAAAAAAAAAAAAAAAAAALj1DxE+JXVBERiBwcnZ3AAYAAgAACSAAAAAAAAAAAAAAAAAAAAAGLlRyYXNoABAACAAAwliYNQAAABEACAAAxE+zjQAAAAEADAAn9ZkAEIYRAABwQgACADFNYWNpbnRvc2ggSEQ6VXNlcnM6cmJvbmlmYWNpbzouVHJhc2g6MDExNjY5MjEucGRmAAAOABoADAAwADEAMQA2ADYAOQAyADEALgBwAGQAZgAPABoADABNAGEAYwBpAG4AdABvAHMAaAAgAEgARAASACRVc2Vycy9yYm9uaWZhY2lvLy5UcmFzaC8wMTE2NjkyMS5wZGYAEwABLwAAFQACABH//wAAgAbSHyAhIlgkY2xhc3Nlc1okY2xhc3NuYW1loyIjJF1OU011dGFibGVEYXRhVk5TRGF0YVhOU09iamVjdNIfICYnoickXE5TRGljdGlvbmFyeQAIABEAGwAkACkAMgBEAEkATABRAFMAXABiAGkAdAB8AIMAhgCIAIoAjQCPAJEAkwCgAKoA0gDXAN8CVQJXAlwCZQJwAnQCggKJApIClwKaAAAAAAAAAgEAAAAAAAAAKAAAAAAAAAAAAAAAAAAAAqc=},
	Bdsk-Url-1 = {http://dx.doi.org/10.1109/ISESE.2002.1166921}}

@inproceedings{Thaker:2007aa,
	Address = {New York, NY, USA},
	Author = {Sahil Thaker and Don Batory and David Kitchin and William Cook},
	Booktitle = {GPCE '07: Proceedings of the 6th international conference on Generative programming and component engineering},
	Date-Added = {2008-05-11 19:03:00 -0300},
	Date-Modified = {2008-05-12 18:33:04 -0300},
	Doi = {http://doi.acm.org/10.1145/1289971.1289989},
	Isbn = {978-1-59593-855-8},
	Keywords = {gpce, spl},
	Location = {Salzburg, Austria},
	Pages = {95--104},
	Publisher = {ACM},
	Title = {Safe composition of product lines},
	Url = {http://portal.acm.org/ft_gateway.cfm?id=1289989&type=pdf&coll=GUIDE&dl=GUIDE&CFID=67575095&CFTOKEN=91493950},
	Year = {2007},
	Bdsk-File-1 = {YnBsaXN0MDDUAQIDBAUGBwpZJGFyY2hpdmVyWCR2ZXJzaW9uVCR0b3BYJG9iamVjdHNfEA9OU0tleWVkQXJjaGl2ZXISAAGGoNEICVRyb290gAGoCwwXGBkaHiVVJG51bGzTDQ4PEBMWWk5TLm9iamVjdHNXTlMua2V5c1YkY2xhc3OiERKABIAFohQVgAKAA4AHXHJlbGF0aXZlUGF0aFlhbGlhc0RhdGFfECMuLi8uLi8uLi8uLi9CaWJEZXNrL1RoYWtlci8yMDA3LnBkZtIbDxwdV05TLmRhdGFPEQGYAAAAAAGYAAIAAAxNYWNpbnRvc2ggSEQAAAAAAAAAAAAAAAAAAADCWG4FSCsAAAAuIr0IMjAwNy5wZGYAAAAAAAAAAAAAAAAAAAAAAAAAAAAAAAAAAAAAAAAAAAAAAAAAAAAAAAAAAAAAAAAAAAAAAAAAAC4dLMRM8+ZQREYgcHJ2dwAEAAMAAAkgAAAAAAAAAAAAAAAAAAAABlRoYWtlcgAQAAgAAMJYmDUAAAARAAgAAMRNHhYAAAABABgALiK9AC4c5gAqZQMAFTJYABCGEQAAcEIAAgBCTWFjaW50b3NoIEhEOlVzZXJzOnJib25pZmFjaW86UHJvamVjdHM6cGhkOkJpYkRlc2s6VGhha2VyOjIwMDcucGRmAA4AEgAIADIAMAAwADcALgBwAGQAZgAPABoADABNAGEAYwBpAG4AdABvAHMAaAAgAEgARAASADVVc2Vycy9yYm9uaWZhY2lvL1Byb2plY3RzL3BoZC9CaWJEZXNrL1RoYWtlci8yMDA3LnBkZgAAEwABLwAAFQACABH//wAAgAbSHyAhIlgkY2xhc3Nlc1okY2xhc3NuYW1loyIjJF1OU011dGFibGVEYXRhVk5TRGF0YVhOU09iamVjdNIfICYnoickXE5TRGljdGlvbmFyeQAIABEAGwAkACkAMgBEAEkATABRAFMAXABiAGkAdAB8AIMAhgCIAIoAjQCPAJEAkwCgAKoA0ADVAN0CeQJ7AoACiQKUApgCpgKtArYCuwK+AAAAAAAAAgEAAAAAAAAAKAAAAAAAAAAAAAAAAAAAAss=},
	Bdsk-Url-1 = {http://portal.acm.org/ft_gateway.cfm?id=1289989&type=pdf&coll=GUIDE&dl=GUIDE&CFID=67575095&CFTOKEN=91493950},
	Bdsk-Url-2 = {http://doi.acm.org/10.1145/1289971.1289989}}

@inproceedings{Laguna:2007aa,
	Address = {New York, NY, USA},
	Author = {Miguel A. Laguna and Bruno Gonz\'{a}lez-Baixauli and Jos\'{e} M. Marqu\'{e}s},
	Booktitle = {GPCE '07: Proceedings of the 6th international conference on Generative programming and component engineering},
	Date-Added = {2008-05-11 18:55:09 -0300},
	Date-Modified = {2008-05-20 09:26:39 -0300},
	Doi = {http://doi.acm.org/10.1145/1289971.1289988},
	Isbn = {978-1-59593-855-8},
	Keywords = {gpce, spl, uml package merge},
	Location = {Salzburg, Austria},
	Pages = {85--94},
	Publisher = {ACM},
	Title = {Seamless development of software product lines},
	Url = {http://portal.acm.org/ft_gateway.cfm?id=1289988&type=pdf&coll=GUIDE&dl=GUIDE&CFID=67575095&CFTOKEN=91493950},
	Year = {2007},
	Bdsk-File-1 = {YnBsaXN0MDDUAQIDBAUGBwpZJGFyY2hpdmVyWCR2ZXJzaW9uVCR0b3BYJG9iamVjdHNfEA9OU0tleWVkQXJjaGl2ZXISAAGGoNEICVRyb290gAGoCwwXGBkaHiVVJG51bGzTDQ4PEBMWWk5TLm9iamVjdHNXTlMua2V5c1YkY2xhc3OiERKABIAFohQVgAKAA4AHXHJlbGF0aXZlUGF0aFlhbGlhc0RhdGFfECMuLi8uLi8uLi8uLi9CaWJEZXNrL0xhZ3VuYS8yMDA3LnBkZtIbDxwdV05TLmRhdGFPEQGYAAAAAAGYAAIAAAxNYWNpbnRvc2ggSEQAAAAAAAAAAAAAAAAAAADCWG4FSCsAAAAuIrIIMjAwNy5wZGYAAAAAAAAAAAAAAAAAAAAAAAAAAAAAAAAAAAAAAAAAAAAAAAAAAAAAAAAAAAAAAAAAAAAAAAAAAC4dK8RM9EJQREYgcHJ2dwAEAAMAAAkgAAAAAAAAAAAAAAAAAAAABkxhZ3VuYQAQAAgAAMJYmDUAAAARAAgAAMRNHnIAAAABABgALiKyAC4c5gAqZQMAFTJYABCGEQAAcEIAAgBCTWFjaW50b3NoIEhEOlVzZXJzOnJib25pZmFjaW86UHJvamVjdHM6cGhkOkJpYkRlc2s6TGFndW5hOjIwMDcucGRmAA4AEgAIADIAMAAwADcALgBwAGQAZgAPABoADABNAGEAYwBpAG4AdABvAHMAaAAgAEgARAASADVVc2Vycy9yYm9uaWZhY2lvL1Byb2plY3RzL3BoZC9CaWJEZXNrL0xhZ3VuYS8yMDA3LnBkZgAAEwABLwAAFQACABH//wAAgAbSHyAhIlgkY2xhc3Nlc1okY2xhc3NuYW1loyIjJF1OU011dGFibGVEYXRhVk5TRGF0YVhOU09iamVjdNIfICYnoickXE5TRGljdGlvbmFyeQAIABEAGwAkACkAMgBEAEkATABRAFMAXABiAGkAdAB8AIMAhgCIAIoAjQCPAJEAkwCgAKoA0ADVAN0CeQJ7AoACiQKUApgCpgKtArYCuwK+AAAAAAAAAgEAAAAAAAAAKAAAAAAAAAAAAAAAAAAAAss=},
	Bdsk-Url-1 = {http://portal.acm.org/ft_gateway.cfm?id=1289988&type=pdf&coll=GUIDE&dl=GUIDE&CFID=67575095&CFTOKEN=91493950},
	Bdsk-Url-2 = {http://doi.acm.org/10.1145/1289971.1289988}}
