%% This BibTeX bibliography file was created using BibDesk.
%% http://bibdesk.sourceforge.net/


%% Created for Rodrigo Bonifacio at 2008-01-24 21:25:19 -0200 


%% Saved with string encoding Western (ASCII) 



@inproceedings{garcia-taosd-2005,
	Author = {Alessandro Garcia and Carlos SantAnna and  Eduardo Figueiredo and Uira Kulesza and Carlos Lucena},
	Booktitle = {Transactions on Aspect-Oriented Software Development},
	Date-Added = {2008-01-24 21:10:00 -0200},
	Date-Modified = {2008-01-24 21:25:17 -0200},
	Journal = {Transactions on Aspect-Oriented Software Development},
	Publisher = {Springer},
	Title = {Modularizing Design Patterns with Aspects: A Quantitative Study},
	Year = {2005}}

@inproceedings{vlopes-aosd-2005,
	Address = {New York, NY, USA},
	Author = {Cristina Videira Lopes and Sushil Krishna Bajracharya},
	Booktitle = {AOSD '05: Proceedings of the 4th international conference on Aspect-oriented software development},
	Date-Modified = {2008-01-24 21:14:25 -0200},
	Doi = {http://doi.acm.org/10.1145/1052898.1052900},
	Isbn = {1-59593-042-6},
	Location = {Chicago, Illinois},
	Pages = {15--26},
	Publisher = {ACM},
	Title = {An analysis of modularity in aspect oriented design},
	Year = {2005}}

@article{sullivan-fse-2005,
	Address = {New York, NY, USA},
	Author = {Kevin Sullivan and William G. Griswold and Yuanyuan Song and Yuanfang Cai and Macneil Shonle and Nishit Tewari and Hridesh Rajan},
	Date-Modified = {2008-01-24 21:07:55 -0200},
	Doi = {http://doi.acm.org/10.1145/1095430.1081734},
	Issn = {0163-5948},
	Journal = {SIGSOFT Softw. Eng. Notes},
	Number = {5},
	Pages = {166--175},
	Publisher = {ACM},
	Title = {Information hiding interfaces for aspect-oriented design},
	Volume = {30},
	Year = {2005}}

@article{steimann-oopsla-2006,
	Author = {Friedrich Steimann},
	Booktitle = {SIGPLAN},
	Date-Added = {2008-01-24 20:19:50 -0200},
	Date-Modified = {2008-01-24 20:23:38 -0200},
	Journal = {SIGPLAN},
	Number = {10},
	Pages = {481--497},
	Publisher = {ACM},
	Title = {The paradoxical success of aspect-oriented programming},
	Volume = {41},
	Year = {2006}}

@inproceedings{greenwood-ecoop-2007,
	Author = {Phil Greenwood and Thiago Bartolomei and Eduardo Figueiredo and Marcos Dosea and Alessandro Garcia and Nelio Cacho and Cl{\'a}udio Santanna and Sergio Soares and Paulo Borba and Uir{\'a} Kulesza and Awais Rashid},
	Booktitle = {ECOOP: Proceedings of the European Conference on Object-Oriented Programming},
	Date-Added = {2008-01-21 15:10:01 -0200},
	Date-Modified = {2008-01-23 06:23:12 -0200},
	Title = {On the Impact of Aspectual Decompositions on Design Stability: An Empirical Study},
	Year = {2007}}

@book{clark-design-rules-book,
	Author = {Carliss Baldwin and Kim Clark},
	Date-Added = {2008-01-21 09:03:54 -0200},
	Date-Modified = {2008-01-21 09:07:43 -0200},
	Edition = {First Edition},
	Publisher = {The MIT Press},
	Rating = {5},
	Read = {Yes},
	Title = {Design Rules The Power of Modularity},
	Volume = {1},
	Year = {2000}}

@book{csp-hoare,
	Author = {C. A. R. Hoare},
	Publisher = {Prentice-Hall},
	Title = {Communicating Sequential Processes},
	Year = {1985}}

@book{csp-roscoe,
	Author = {Bill Roscoe},
	Publisher = {Prentice-Hall},
	Title = {The theory and practice of concurrency},
	Year = {1998}}

@book{haskell-report,
	Author = {Jones, Peyton},
	Publisher = {Cambridge University Press},
	Title = {Haskell 98 Language and Libraries: the Revised Report},
	Year = {2003}}

@book{haskell-book,
	Author = {Thompson, Simon},
	Publisher = {{Addison Wesley}},
	Title = {Haskell: The Craft of Functional Programming (2nd Edition)},
	Year = {1999}}

@book{northrop-spl-book,
	Address = {Boston, MA, USA},
	Author = {Paul Clements and Linda Northrop},
	Isbn = {0-201-70332-7},
	Publisher = {Addison-Wesley Longman Publishing Co., Inc.},
	Title = {Software product lines: practices and patterns},
	Year = {2001}}

@book{czarnecki-book,
	Author = {Czarnecki, Krzysztof and Eisenecker, Ulrich},
	Isbn = {0201309777},
	Publisher = {{Addison-Wesley Professional}},
	Title = {Generative Programming: Methods, Tools, and Applications},
	Year = {2000}}

@book{phol-spl-book,
	Author = {Klaus Phol and Gunter Bocle ands Frank Linden},
	Isbn = {0-201-70332-7},
	Publisher = {Springer},
	Title = {Software Product Line Engineering: Foundations, Principles and Techniques},
	Year = {2005}}

@book{gof-dp-book,
	Author = {Gamma, Erich and Helm, Richard and Johnson, Ralph and Vlissides, John},
	Isbn = {0201633612},
	Publisher = {Addison-Wesley Professional},
	Title = {Design Patterns},
	Year = {1995}}

@book{jacobson-reuse-book,
	Address = {New York, NY, USA},
	Author = {Ivar Jacobson and Martin Griss and Patrik Jonsson},
	Isbn = {0-201-92476-5},
	Publisher = {ACM Press/Addison-Wesley Publishing Co.},
	Title = {Software reuse: architecture, process and organization for business success},
	Year = {1997}}

@book{jacobson-aosd-book,
	Author = {Ivar Jacobson and Pan-Wei Ng},
	Isbn = {0-201-92476-5},
	Publisher = {Addison-Wesley Professional},
	Title = {Aspect-Oriented Software Development with Use Cases},
	Year = {2004}}

@book{greenfield-softwarefactories,
	Author = {Greenfield, Jack and Short, Keith and Cook, Steve and Kent, Stuart},
	Isbn = {0471202843},
	Publisher = {Wiley},
	Title = {Software Factories: Assembling Applications with Patterns, Models, Frameworks, and Tools},
	Year = {2004}}

@book{jacobson-oose,
	Author = {Ivar Jacobson},
	Isbn = {0201544350},
	Publisher = {Addison-Wesley Professional},
	Title = {Object-Oriented Software Engineering: A Use Case Driven Approach},
	Year = {1992}}

@report{clements-spl-economics-report,
	Author = {Paul Clements and John McGregor and Sholom Cohen},
	Institution = {Software Engineering Institute},
	Title = {The Structured Intuitive Model for Product Line Economics (SIMPLE)},
	Year = {2005}}

@report{northrop-spl-roadmap-report,
	Author = {Linda Northrop},
	Institution = {Software Engineering Institute},
	Title = {Software Product Line Adoption Roadmap},
	Year = {2004}}

@report{kang-foda-report,
	Author = {Kyo Kang and Sholom Cohen and James Hess and William Novak and Spencer Peterson},
	Institution = {Software Engineering Institute},
	Title = {Feature Oriented Domain Analysis: feasibility study},
	Year = {1990}}

@article{krueger-cacm-200712,
	Address = {New York, NY, USA},
	Author = {Charles W. Krueger},
	Doi = {http://doi.acm.org/10.1145/1183236.1183262},
	Issn = {0001-0782},
	Journal = {Commun. ACM},
	Number = {12},
	Pages = {37--40},
	Publisher = {ACM Press},
	Title = {New methods in software product line practice},
	Volume = {49},
	Year = {2006}}

@article{eriksson-cacm-200712,
	Address = {New York, NY, USA},
	Author = {Magnus Eriksson and Jurgen Borstler and Kjell Borg},
	Doi = {http://doi.acm.org/10.1145/1183236.1183265},
	Issn = {0001-0782},
	Journal = {Commun. ACM},
	Number = {12},
	Pages = {49--54},
	Publisher = {ACM Press},
	Title = {Software product line modeling made practical},
	Volume = {49},
	Year = {2006}}

@inproceedings{fantechi-splc-2004,
	Author = {Alessandro Fantechi and Stefania Gnesi and Giuseppe Lami and E. Nesti},
	Booktitle = {SPLC},
	Title = {A Methodology for the Derivation and Verification of Use Cases for Product Lines},
	Year = {2004}}

@inproceedings{hunt-splc-2006,
	Author = {John Hunt and John McGregor},
	Booktitle = {Variability Management Workshop, SPLC'06},
	Title = {Implementing a Variation Point: A Pattern Language},
	Year = {2006}}

@inproceedings{eriksson-splc-2005,
	Author = {Magnus Eriksson and Jurgen Borstler and Kjell Borg},
	Booktitle = {SPLC'05},
	Title = {The PLUSS Approach - Domain Modeling with Features, Use Cases and Use Case Realizations},
	Year = {2005}}

@inproceedings{czarnecki-wsfactory-2005,
	Author = {K. Czarnecki and C. H. P. Kim},
	Booktitle = {International Workshop on Software Factories (online proceedings)},
	Title = {Cardinality-Based Feature Modeling and Constraints: A Progress Report},
	Year = {2005}}

@inproceedings{favaro-icsr-98,
	Address = {Washington, DC, USA},
	Author = {M. L. Griss and J. Favaro and M. d' Alessandro},
	Booktitle = {ICSR '98},
	Date-Modified = {2008-01-24 20:07:30 -0200},
	Isbn = {0-8186-8377-5},
	Pages = {76},
	Publisher = {IEEE Computer Society},
	Title = {Integrating Feature Modeling with the {RSEB}},
	Year = {1998}}

@inproceedings{bertolino-esec-2003,
	Address = {New York, NY, USA},
	Author = {Antonia Bertolino and Stefania Gnesi},
	Booktitle = {ESEC/FSE'03},
	Doi = {http://doi.acm.org/10.1145/940071.940120},
	Isbn = {1-58113-743-5},
	Location = {Helsinki, Finland},
	Pages = {355--358},
	Publisher = {ACM Press},
	Title = {Use case-based testing of product lines},
	Year = {2003}}

@inproceedings{gheyi-alloy-06,
	Address = {Portland, United States},
	Author = {Rohit Gheyi and Tiago Massoni and Paulo Borba},
	Booktitle = {First Alloy Workshop},
	Month = {nov},
	Pages = {71-80},
	Title = {A Theory for Feature Models in Alloy},
	Year = {2006}}

@inproceedings{butler-icse-2001,
	Address = {Washington, DC, USA},
	Author = {Greg Butler and Krzysztof Czarnecki and Don Batory and Ulrich Eisenecker},
	Booktitle = {ICSE'01},
	Isbn = {0-7695-1050-7},
	Location = {Toronto, Ontario, Canada},
	Pages = {760--761},
	Publisher = {IEEE Computer Society},
	Title = {Generative techniques for product lines},
	Year = {2001}}

@inproceedings{noda-aom-2006,
	Address = {Genova, Italy},
	Author = {Natsuko Noda and Tomoji Kishi},
	Booktitle = {AOM'06},
	Title = {An Aspect-Oriented Modeling Mechanism Based on State Diagrams},
	Year = {2006}}

@inproceedings{thomas-aom-2006,
	Address = {Genova, Italy},
	Author = {Thomas Cottenier and Aswin van den Berg and Tzilla Elrad},
	Booktitle = {Aspect Oriented Modelling(AOM'06)},
	Title = {Model Weaving: Bridging the Divide between Elaborationists and Translationists},
	Year = {2006}}

@inproceedings{alves-gpce-06,
	Address = {Portland, USA},
	Author = {Vander Alves and Alberto Costa Neto and S\'{e}rgio Soares and Gustavo Santos and Fernando Calheiros and Vilmar Nepomuceno and Davi Pires and Jorge Leal and Paulo Borba},
	Booktitle = {Fifth International Conference on Generative Programming and Component Engineerig (GPCE'06)},
	Title = {From Conditional Compilation to Aspects: A Case Study in Software Product Lines Migration},
	Year = {2006}}

@inproceedings{jarzabek-seke-2003,
	Address = {San Francisco, USA},
	Author = {Hongyu Zhang and Stan Jarzabek},
	Booktitle = {Fifteenth International Conference on Software Engineering and Knowledge Engineering (SEKE'03)},
	Title = {An XVCL-based Approach to Software Product Line Development},
	Year = {2003}}

@inproceedings{batory-icse-04,
	Address = {Edingburgh, UK},
	Author = {Don Batory},
	Booktitle = {International Conference on Software Engineering (ICSE'04)},
	Title = {Feature-Oriented Programming and the AHEAD Tool Suite},
	Year = {2004}}

@inproceedings{noda-split-2004,
	Address = {Boston, USA},
	Author = {Tomoji kishi and Natsuko Noda},
	Booktitle = {Proceedings of 1st International Workshop on Software Product Line Testing (SPLIT'04), in conjunction with the 3th International Conference on Software Product Linest (SPLC'04)},
	Title = {Design Testing for Product Line Development based on Test Scenarios},
	Year = {2004}}

@inproceedings{pohl-split-2006,
	Address = {Baltimore, USA},
	Author = {Sacha Reis and Andreas Metzger and Klaus Pohl},
	Booktitle = {Proceedings of 3st International Workshop on Software Product Line Testing (SPLIT'06), in conjunction with the 3th International Conference on Software Product Linest (SPLC'06)},
	Title = {A reuse technique for performance testing of software product line},
	Year = {2006}}

@inproceedings{gomma-split-2006,
	Address = {Baltimore, USA},
	Author = {Erika Mir Olimpiew and Hassan Gommaa},
	Booktitle = {Proceedings of 3st International Workshop on Software Product Line Testing (SPLIT'06), in conjunction with the 3th International Conference on Software Product Linest (SPLC'06)},
	Title = {Customizable Requirements-based Test Model for Software Product Lines},
	Year = {2006}}

@inproceedings{bertolino-pfe-2004,
	Address = {Siena, Italy},
	Author = {Antonia Bertolino and Stefania Gnesi},
	Booktitle = {Proceedings of 5st International Workshop on Product Family Engineering (PFE'04)},
	Title = {PLUTO: A Test Methodology for Product Families},
	Year = {2004}}

@inproceedings{pohl-caise-2005,
	Address = {Porto, Portugal},
	Author = {Andreas Reuys, Erik Kamsties, Klaus Pohl and Sacha Reis},
	Booktitle = {Proceedings of 17st International Conference on Advanced Information Systems Engineering (CAiSE'05)},
	Title = {Model-Based System Testing of Software Product Families},
	Year = {2005}}

@inproceedings{kiczales-ecoop-1997,
	Author = {Gregor Kiczales and John Lamping and Anurag Mendhekar and Chris Maeda and Cristina Videira Lopes and Jean-Marc Loingtier and John Irwin},
	Booktitle = {ECOOP'97},
	Title = {Aspect-Oriented Programming},
	Year = {1997}}

@inproceedings{kiczales-ecoop-2003,
	Author = {Hidehiko Masuhara and Gregor Kiczales},
	Booktitle = {ECOOP: Proceedings of the European Conference on Object-Oriented Programming},
	Title = {Aspect-Oriented Programming},
	Year = {2003}}

@article{filman-cacm-2001,
	Address = {New York, NY, USA},
	Author = {Tzilla Elrad and Robert E. Filman and Atef Bader},
	Doi = {http://doi.acm.org/10.1145/383845.383853},
	Issn = {0001-0782},
	Journal = {Commun. ACM},
	Number = {10},
	Pages = {29--32},
	Publisher = {ACM Press},
	Title = {Aspect-oriented programming: Introduction},
	Volume = {44},
	Year = {2001}}

@inproceedings{rashid-aosd-2007,
	Address = {New York, NY, USA},
	Author = {Ruzanna Chitchyan and Awais Rashid and Paul Rayson and Robert Waters},
	Booktitle = {AOSD '07},
	Doi = {http://doi.acm.org/10.1145/1218563.1218569},
	Isbn = {1-59593-615-7},
	Location = {Vancouver, British Columbia, Canada},
	Pages = {36--48},
	Publisher = {ACM Press},
	Title = {Semantics-based composition for aspect-oriented requirements engineering},
	Year = {2007}}

@inproceedings{gcabral-sbmf-2006,
	Address = {Natal, Brazil},
	Author = {Gustavo Cabral and Augusto Sampaio},
	Booktitle = {Brazilian Symposium on Formal Methods, SBMF'06},
	Month = {sep},
	Title = {Formal Specification Generation from Requirement Documents},
	Year = {2006}}

@inproceedings{cfeitosa-sbmf-2006,
	Address = {Natal, Brazil},
	Author = {Cl\'elio Feitosa and Alexandre Mota},
	Booktitle = {Brazilian Symposium on Formal Methods, SBMF'06},
	Month = {sep},
	Title = {Unifying CSP Models of Test Cases and Requirements},
	Year = {2006}}

@inproceedings{snogueira-sast-2007,
	Address = {Jo\~ao Pessoal, Brazil},
	Author = {Sidney Nogueira and Emanuela Cartaxo and Dante Torres and Eduardo Aranha and Rafael Marques},
	Booktitle = {SAST'07, affiliated with SBES'07},
	Month = {oct},
	Note = {To appear},
	Title = {Model Based Test Generation: An Industrial Experience},
	Year = {2007}}

@inproceedings{dtorres-sast-2007,
	Address = {Jo\~ao Pessoa, Brazil},
	Author = {Dante Torres and Sidney Nogueira and Emanuela Cartaxo and Eduardo Aranha and Paulo Borba and Fl\'avia Barros and Patr\'icia Machado and Augusto Sampaio and Alexandre Mota},
	Booktitle = {SAST'07, affiliated with SBES'07},
	Month = {oct},
	Note = {To appear},
	Title = {Brazil Test Center Research Group},
	Year = {2007}}

@inproceedings{mmedeiros-lawasp-2007,
	Address = {Jo\~ao Pessoa, Brazil},
	Author = {M\'arcio de Medeiros Ribeiro and Pedro Matos Jr. and Paulo Borba and Ivan Cardim},
	Booktitle = {First LA-WASP, affiliated with SBES'07},
	Month = {oct},
	Title = {On the Modularity of Aspect-Oriented and Other Techniques for Implementing Product Lines Variabilities},
	Year = {2007}}

@inproceedings{dleitao-seke-2007,
	Address = {Boston, USA},
	Author = {Daniel Leitao and Dante Torres and Fl\'avia Barros},
	Booktitle = {SEKE'2007},
	Month = {jul},
	Title = {N{LF}orSpec: Translating Natural Language Descriptions into Test Case Specifications.},
	Year = {2007}}

@inproceedings{rbonifacio-ecoop-2008,
	Author = {Rodrigo Bonif\'{a}cio and Paulo Borba},
	Booktitle = {ECOOP: Proceedings of the European Conference on Object-Oriented Programming},
	Note = {Submitted},
	Title = {Variability Management as Crosscutting},
	Year = {2008}}

@misc{earlyaspect-url,
	Title = {Early Aspects, online: http://www.early-aspects.net/ (2006)}}

@misc{spg-url,
	Title = {Software Productivity Group, online: http://www.cin.ufpe.br/spg (2007)}}

@misc{fsel-url,
	Title = {Formal System Europe, online: http://www.fsel.com/index.html (2007)}}

@misc{ample-url,
	Title = {AMPLE Project, online: http://ample.holos.pt/ (2007)}}

@misc{eshop-url,
	Author = {Klaus Pohl and Andreas Metzger},
	Note = {online: http://www.sei.cmu.edu/splc2006/eShop.pdf},
	Title = {The eShop Product Line}}
