
%% Created for Rodrigo Bonifacio at 2009-03-06 22:31:34 -0300 


%% Saved with string encoding Unicode (UTF-8) 



@webpage{Group:2009yg,
	Author = {Generative Programming Group},
	Date-Added = {2009-03-06 22:26:51 -0300},
	Date-Modified = {2009-03-06 22:29:04 -0300},
	Month = {mar},
	Title = { Feature Model Repository},
	Url = {http://fm.gsdlab.org/index.php?title=Main_Page},
	Year = {2009}}

@webpage{Tibell:2009rm,
	Author = {Johan Tibell},
	Date-Added = {2009-03-06 22:23:14 -0300},
	Date-Modified = {2009-03-06 22:25:30 -0300},
	Month = {mar},
	Title = {BenchPress libray},
	Url = {http://hackage.haskell.org/cgi-bin/hackage-scripts/package/benchpress},
	Year = {2009}}

@inproceedings{Czarnecki:2004aa,
	Address = {New York, NY, USA},
	Author = {Michal Antkiewicz and Krzysztof Czarnecki},
	Booktitle = {OOPSLA workshop on eclipse technology eXchange},
	Doi = {http://doi.acm.org/10.1145/1066129.1066143},
	Location = {Vancouver, British Columbia, Canada},
	Pages = {67--72},
	Publisher = {ACM},
	Title = {Feature Plugin: feature modeling plug-in for Eclipse},
	Year = {2004},
	Bdsk-Url-1 = {http://doi.acm.org/10.1145/1066129.1066143}}

@book{Clements:2001aa,
	Author = {Clements, Paul and Northrop, Linda},
	Publisher = {{Addison-Wesley Professional}},
	Title = {Software Product Lines: Practices and Patterns},
	Year = {2001}}

@book{Pohl:2005aa,
	Author = {Pohl, Klaus and B\"{o}ckle, G\"{u}nter and van der Linden, FrankJ.},
	Publisher = {Springer},
	Title = {Software Product Line Engineering : Foundations, Principles and Techniques},
	Year = {2005}}

@book{Czarnecki:2000aa,
	Author = {Czarnecki, K. and Eisenecker, U.W.},
	Publisher = {ACM Press/Addison-Wesley Publishing Co. New York, NY, USA},
	Title = {Generative programming: methods, tools, and applications},
	Year = {2000}}

@inproceedings{Gheyi:2006aa,
	Address = {Portland, United States},
	Author = {Rohit Gheyi and Tiago Massoni and Paulo Borba},
	Booktitle = {First Alloy Workshop},
	Date-Modified = {2008-05-13 09:44:45 -0300},
	Month = {nov},
	Pages = {71-80},
	Title = {A Theory for Feature Models in Alloy},
	Year = {2006}}

@inproceedings{Benavides:2005aa,
	Address = {Porto, Portugal},
	Booktitle = {Proceedings of the 17th Conference on Advanced Information Systems Engineering (CAISE'2005)},
	Publishser = {Springer},
	Title = {Automated reasoning on feature models},
	Year = {2005}}

@inproceedings{Trindad:2006aa,
	Address = {Luxembourg},
	Booktitle = {Proceedings of the 18th Conference on Advanced Information Systems Engineering (CAISE'2006). Short Paper.},
	Publishser = {Springer},
	Title = {Isolated features detection in feature models},
	Year = {2006}}

@book{Greenfield:2003aa,
	Author = {Greenfield, J. and Short, K.},
	Publisher = {ACM Press New York, NY, USA},
	Title = {Software factories: assembling applications with patterns, models, frameworks and tools},
	Year = {2003}}

@inproceedings{Bonifacio:2009aa,
	Address = {Charlottesville, Virginia, USA},
	Author = {Rodrigo Bonif\'{a}cio and Paulo Borba},
	Booktitle = {Proceedings of the 9th international conference on Aspect-oriented  software development (AOSD'09)},
	Publisher = {ACM},
	Title = {Modeling Scenario Variability as Crosscutting Mechanisms},
	Year = {2009}}

@inproceedings{feature-refactoring,
	Address = {New York, NY, USA},
	Author = {S. Trujillo and D. Batory and O. Diaz},
	Booktitle = {Generative Programming and Component Engineering},
	Doi = {http://doi.acm.org/10.1145/1173706.1173737},
	Isbn = {1-59593-237-2},
	Location = {Portland, Oregon, USA},
	Pages = {191--200},
	Publisher = {ACM},
	Title = {Feature refactoring a multi-representation program into a product   line},
	Year = {2006},
	Bdsk-Url-1 = {http://doi.acm.org/10.1145/1173706.1173737}}

@inproceedings{Alves:2006aa,
	Address = {New York, NY, USA},
	Author = {Vander Alves and Rohit Gheyi and Tiago Massoni and Uir\'{a} Kulesza and Paulo Borba and Carlos Lucena},
	Booktitle = {GPCE '06: Proceedings of the 5th international conference on Generative programming and component engineering},
	Doi = {http://doi.acm.org/10.1145/1173706.1173737},
	Isbn = {1-59593-237-2},
	Location = {Portland, Oregon, USA},
	Pages = {201--210},
	Publisher = {ACM},
	Title = {Refactoring product lines},
	Year = {2006},
	Bdsk-Url-1 = {http://doi.acm.org/10.1145/1173706.1173737}}

@book{Fowler:1999aa,
	Author = {Martin Fowler},
	Publisher = {Addison-Wesley},
	Title = {Refactoring: Improving the Design of Existing Code},
	Year = {1999}}

@inproceedings{Leich:2005aa,
	Address = {New York, NY, USA},
	Author = {Thomas Leich and Sven Apel and Laura Marnitz and Gunter Saake},
	Booktitle = {eclipse '05: Proceedings of the 2005 OOPSLA workshop on Eclipse technology eXchange},
	Doi = {http://doi.acm.org/10.1145/1117696.1117708},
	Isbn = {1-59593-342-5},
	Location = {San Diego, California},
	Pages = {55--59},
	Publisher = {ACM},
	Title = {Tool support for feature-oriented software development: featureIDE: an Eclipse-based approach},
	Year = {2005},
	Bdsk-Url-1 = {http://doi.acm.org/10.1145/1117696.1117708}}

@book{Jakson:2006aa,
	Author = {D. Jackson},
	Publisher = {{MIT} press},
	Title = {Software Abstractions: Logic, Language and Analysis},
	Year = {2006}}

@unpublished{Owre:2009aa,
	Author = {S. Owre and J. Rushby and {N.} Shankar and D. Stringer-Calvert},
	Note = {At http://pvs.csl.sri.com},
	Title = {{PVS} Prover Guide},
	Year = {2009}}

@techreport{Beuche:2003aa,
	Author = {Danillo Beuche},
	Institution = {Pure-Systems GmbH},
	Note = {At http://www.pure-systems.com},
	Title = {Variant Management with Pure:: variants},
	Year = {2003}}

@inproceedings{Czarnecki:2005aa,
	Address = {New York, NY, USA},
	Author = {Czarnecki, Krzysztof and Antkiewicz, Michal and Kim, Chang Hwan Peter and Lau, Sean and Pietroszek, Krzysztof},
	Booktitle = {OOPSLA '05: Companion to the 20th annual ACM SIGPLAN conference on Object-oriented programming, systems, languages, and applications},
	Doi = {http://doi.acm.org/10.1145/1094855.1094934},
	Isbn = {1-59593-193-7},
	Location = {San Diego, CA, USA},
	Pages = {200--201},
	Publisher = {ACM},
	Title = {fmp and fmp2rsm: eclipse plug-ins for modeling features using model templates},
	Year = {2005},
	Bdsk-Url-1 = {http://doi.acm.org/10.1145/1094855.1094934}}

@inproceedings{Trinidad:2008aa,
	Address = {Washington, DC, USA},
	Author = {Trinidad, Pablo and Benavides, David and Ruiz-Cort\'{e}s, Antonio and Segura, Sergio and Jimenez, Alberto},
	Booktitle = {SPLC '08: Proceedings of the 2008 12th International Software Product Line Conference},
	Doi = {http://dx.doi.org/10.1109/SPLC.2008.50},
	Isbn = {978-0-7695-3303-2},
	Pages = {359},
	Publisher = {IEEE Computer Society},
	Title = {FAMA Framework},
	Year = {2008},
	Bdsk-Url-1 = {http://dx.doi.org/10.1109/SPLC.2008.50}}

@article{segura-gttse07,
	Author = {S.~Segura and D.~Benavides and A.~Ruiz--Cort\'es and P.~Trinidad},
	Journal = {Post-proceedings of the Second Summer School on Generative and Transformational Techniques in Software Engineering},
	Publisher = {Springer--Verlag},
	Series = {Lecture Notes in Computer Science},
	Title = {Automated Merging of Feature Models using Graph Transformations},
	Year = {2008}}

@techreport{Gheyi:2006aa-2,
	Author = {Rohit Gheyi and Vander Alves and Tiago Massoni, Uira Kulesza and Paulo Borba and Carlos Lucena},
	Institution = {Federal University of Pernambuco},
	Note = {At http://www.cin.ufpe.br/spg},
	Number = {TR-UFPE-CIN-200608027},
	Title = {Theory and Proofs for Feature Model Refactorings},
	Year = {2006}}

@article{Gheyi:2009aa,
	Author = {Rohit Gheyi and Tiago Massoni and Paulo Borba},
	Journal = {Journal of the Brazilian Computer Society (to appear)},
	Title = {Algebraic Laws for Feature Models},
	Year = {2009}}

@article{Trinidad:2008aa-2,
	Address = {New York, NY, USA},
	Author = {P. Trinidad and D. Benavides and A. Dur\'{a}n and A. Ruiz-Cort\'{e}s and M. Toro},
	Doi = {http://dx.doi.org/10.1016/j.jss.2007.10.030},
	Issn = {0164-1212},
	Journal = {Journal of Systems and Software},
	Number = {6},
	Pages = {883--896},
	Publisher = {Elsevier Science Inc.},
	Title = {Automated error analysis for the agilization of feature modeling},
	Volume = {81},
	Year = {2008},
	Bdsk-Url-1 = {http://dx.doi.org/10.1016/j.jss.2007.10.030}}

@article{Schobbens:2007aa,
	Address = {New York, NY, USA},
	Author = {Pierre-Yves Schobbens and Patrick Heymans and Jean-Christophe Trigaux and Yves Bontemps},
	Doi = {http://dx.doi.org/10.1016/j.comnet.2006.08.008},
	Issn = {1389-1286},
	Journal = {Computer Networks: The International Journal of Computer and Telecommunications Networking},
	Number = {2},
	Pages = {456--479},
	Publisher = {Elsevier North-Holland, Inc.},
	Title = {Generic semantics of feature diagrams},
	Volume = {51},
	Year = {2007},
	Bdsk-Url-1 = {http://dx.doi.org/10.1016/j.comnet.2006.08.008}}

@inproceedings{White-2008aa,
	Address = {Washington, DC, USA},
	Author = {White, J. and Schmidt, D. C. and Benavides, D. and Trinidad, P. and Ruiz-Cort\'{e}s, A.},
	Booktitle = {SPLC '08: Proceedings of the 2008 12th International Software Product Line Conference},
	Doi = {http://dx.doi.org/10.1109/SPLC.2008.16},
	Isbn = {978-0-7695-3303-2},
	Pages = {225--234},
	Publisher = {IEEE Computer Society},
	Title = {Automated Diagnosis of Product-Line Configuration Errors in Feature Models},
	Year = {2008},
	Bdsk-Url-1 = {http://dx.doi.org/10.1109/SPLC.2008.16}}

@inproceedings{Thum-2009aa,
	Address = {Vancouver, Canada},
	Author = {Thomas Thum, Don Batory and Christian Kaestner},
	Booktitle = {ICSE 2009: 31st International Conference on Software Engineering},
	Publisher = {IEEE Computer Society},
	Title = {Reasoning about Edits to Feature Models},
	Year = {to appear}}
