% This file was created with JabRef 2.3.1.
% Encoding: Cp1252

@INPROCEEDINGS{Sanen:2006aa,
  author = {Frans Sanen and Eddy Truyen and Wouter Joosen and Andrew Jackson
	and Andronikos Nedos and Siobhan Clarke and Neil Loughran and Awais
	Rashid},
  title = {Classifying and documenting aspect interactions},
  booktitle = {AOSD Workshop on Aspects, Components, and Patterns for Infrastructure
	Software (ACP4IS)},
  year = {2006},
  pages = {23--26},
  address = {Bonn, Germany},
  bdsk-file-1 = {YnBsaXN0MDDUAQIDBAUGBwpZJGFyY2hpdmVyWCR2ZXJzaW9uVCR0b3BYJG9iamVjdHNfEA9OU0tleWVkQXJjaGl2ZXISAAGGoNEICVRyb290gAGoCwwXGBkaHiVVJG51bGzTDQ4PEBMWWk5TLm9iamVjdHNXTlMua2V5c1YkY2xhc3OiERKABIAFohQVgAKAA4AHXHJlbGF0aXZlUGF0aFlhbGlhc0RhdGFfECIuLi8uLi8uLi8uLi9CaWJEZXNrL1NhbmVuLzIwMDYucGRm0hsPHB1XTlMuZGF0YU8RAZYAAAAAAZYAAgAADE1hY2ludG9zaCBIRAAAAAAAAAAAAAAAAAAAAMJYbgVIKwAAAEF86AgyMDA2LnBkZgAAAAAAAAAAAAAAAAAAAAAAAAAAAAAAAAAAAAAAAAAAAAAAAAAAAAAAAAAAAAAAAAAAAAAAAAAAQKW1xLdAxQAAAAAAAAAAAAQAAwAACSAAAAAAAAAAAAAAAAAAAAAFU2FuZW4AABAACAAAwliYNQAAABEACAAAxLdq9QAAAAEAGABBfOgALhzmACplAwAVMlgAEIYRAABwQgACAEFNYWNpbnRvc2ggSEQ6VXNlcnM6cmJvbmlmYWNpbzpQcm9qZWN0czpwaGQ6QmliRGVzazpTYW5lbjoyMDA2LnBkZgAADgASAAgAMgAwADAANgAuAHAAZABmAA8AGgAMAE0AYQBjAGkAbgB0AG8AcwBoACAASABEABIANFVzZXJzL3Jib25pZmFjaW8vUHJvamVjdHMvcGhkL0JpYkRlc2svU2FuZW4vMjAwNi5wZGYAEwABLwAAFQACABH//wAAgAbSHyAhIlgkY2xhc3Nlc1okY2xhc3NuYW1loyIjJF1OU011dGFibGVEYXRhVk5TRGF0YVhOU09iamVjdNIfICYnoickXE5TRGljdGlvbmFyeQAIABEAGwAkACkAMgBEAEkATABRAFMAXABiAGkAdAB8AIMAhgCIAIoAjQCPAJEAkwCgAKoAzwDUANwCdgJ4An0ChgKRApUCowKqArMCuAK7AAAAAAAAAgEAAAAAAAAAKAAAAAAAAAAAAAAAAAAAAsg=},
  crossref = {:aosd-acp4is06},
  date-added = {2008-08-20 11:35:14 -0300},
  date-modified = {2008-08-20 11:42:02 -0300},
  keywords = {feature interactions, aop}
}

@INPROCEEDINGS{Alferez:2008aa,
  author = {Mauricio Alferez and others},
  title = {A Model-driven Approach for Software Product Lines Requirements Engineering},
  booktitle = {SEKE' 2008},
  year = {2008},
  pages = {779-784},
  address = {San Francisco, USA}
}

@INPROCEEDINGS{Alves:2006aa,
  author = {Vander Alves and others},
  title = {From Conditional Compilation to Aspects: A Case Study in Software
	Product Lines Migration},
  booktitle = {First Workshop on Aspect-Oriented Product Line Engineering (AOPLE)},
  year = {2006},
  address = {Portland, USA},
  month = {Oct},
  date-added = {2008-06-13 14:36:22 -0300},
  date-modified = {2008-08-20 11:43:07 -0300},
  keywords = {spl, aop}
}

@INPROCEEDINGS{Czarnecki:2004aa,
  author = {Michal Antkiewicz and Krzysztof Czarnecki},
  title = {Feature Plugin: feature modeling plug-in for Eclipse},
  booktitle = {OOPSLA workshop on eclipse technology eXchange},
  year = {2004},
  pages = {67--72},
  address = {New York, NY, USA},
  doi = {http://doi.acm.org/10.1145/1066129.1066143},
  location = {Vancouver, British Columbia, Canada}
}

@INPROCEEDINGS{Apel:2006aa,
  author = {Sven Apel and Thomas Leich and Gunter Saake},
  title = {Aspectual mixin layers: aspects and features in concert},
  booktitle = {ICSE' 2006},
  year = {2006},
  pages = {122--131},
  address = {New York, NY, USA},
  bdsk-url-1 = {http://doi.acm.org/10.1145/1134285.1134304},
  date-added = {2008-06-13 14:35:04 -0300},
  date-modified = {2008-08-30 11:20:47 -0300},
  doi = {http://doi.acm.org/10.1145/1134285.1134304},
  isbn = {1-59593-375-1},
  keywords = {spl, aop, features},
  location = {Shanghai, China}
}

@ARTICLE{Babar:2007aa,
  author = {Muhammad Ali Babar and Barbara Kitchenham},
  title = {The Impact of Group Size on Software Architecture Evaluation: A Controlled
	Experiment},
  journal = {First International Symposium on Empirical Software Engineering and
	Measurement (ESEM)},
  year = {2007},
  volume = {0},
  pages = {420-429},
  address = {Los Alamitos, CA, USA},
  bdsk-file-1 = {YnBsaXN0MDDUAQIDBAUGBwpZJGFyY2hpdmVyWCR2ZXJzaW9uVCR0b3BYJG9iamVjdHNfEA9OU0tleWVkQXJjaGl2ZXISAAGGoNEICVRyb290gAGoCwwXGBkaHiVVJG51bGzTDQ4PEBMWWk5TLm9iamVjdHNXTlMua2V5c1YkY2xhc3OiERKABIAFohQVgAKAA4AHXHJlbGF0aXZlUGF0aFlhbGlhc0RhdGFfECIuLi8uLi8uLi8uLi9CaWJEZXNrL0JhYmFyLzIwMDcucGRm0hsPHB1XTlMuZGF0YU8RAZYAAAAAAZYAAgAADE1hY2ludG9zaCBIRAAAAAAAAAAAAAAAAAAAAMJYbgVIKwAAAD9rTwgyMDA3LnBkZgAAAAAAAAAAAAAAAAAAAAAAAAAAAAAAAAAAAAAAAAAAAAAAAAAAAAAAAAAAAAAAAAAAAAAAAAAAP2tGxKpvIwAAAAAAAAAAAAQAAwAACSAAAAAAAAAAAAAAAAAAAAAFQmFiYXIAABAACAAAwliYNQAAABEACAAAxKqZUwAAAAEAGAA/a08ALhzmACplAwAVMlgAEIYRAABwQgACAEFNYWNpbnRvc2ggSEQ6VXNlcnM6cmJvbmlmYWNpbzpQcm9qZWN0czpwaGQ6QmliRGVzazpCYWJhcjoyMDA3LnBkZgAADgASAAgAMgAwADAANwAuAHAAZABmAA8AGgAMAE0AYQBjAGkAbgB0AG8AcwBoACAASABEABIANFVzZXJzL3Jib25pZmFjaW8vUHJvamVjdHMvcGhkL0JpYkRlc2svQmFiYXIvMjAwNy5wZGYAEwABLwAAFQACABH//wAAgAbSHyAhIlgkY2xhc3Nlc1okY2xhc3NuYW1loyIjJF1OU011dGFibGVEYXRhVk5TRGF0YVhOU09iamVjdNIfICYnoickXE5TRGljdGlvbmFyeQAIABEAGwAkACkAMgBEAEkATABRAFMAXABiAGkAdAB8AIMAhgCIAIoAjQCPAJEAkwCgAKoAzwDUANwCdgJ4An0ChgKRApUCowKqArMCuAK7AAAAAAAAAgEAAAAAAAAAKAAAAAAAAAAAAAAAAAAAAsg=},
  bdsk-url-1 = {http://doi.ieeecomputersociety.org/10.1109/ESEM.2007.81},
  date-added = {2008-07-21 16:51:13 -0300},
  date-modified = {2008-07-21 16:52:25 -0300},
  doi = {http://doi.ieeecomputersociety.org/10.1109/ESEM.2007.81},
  issn = {1938-6451},
  keywords = {experiments},
  local-url = {file://localhost/Users/rbonifacio/Projects/phd/BibDesk/Babar/2007.pdf},
  publisher = {IEEE Computer Society}
}

@ARTICLE{Bachmann:2001aa,
  author = {Felix Bachmann and Len Bass},
  title = {Managing variability in software architectures},
  journal = {SIGSOFT Softw. Eng. Notes},
  year = {2001},
  volume = {26},
  pages = {126--132},
  number = {3},
  address = {New York, NY, USA},
  bdsk-url-1 = {http://doi.acm.org/10.1145/379377.375274},
  doi = {http://doi.acm.org/10.1145/379377.375274},
  issn = {0163-5948},
  publisher = {ACM}
}

@BOOK{Baldwin:2000aa,
  title = {Design Rules The Power of Modularity},
  publisher = {The MIT Press},
  year = {2000},
  author = {Carliss Baldwin and Kim Clark},
  volume = {1},
  edition = {First Edition},
  date-added = {2008-06-13 11:54:45 -0300},
  date-modified = {2008-06-13 11:55:06 -0300},
  keywords = {modularity, dsm},
  rating = {5},
  read = {Yes}
}

@INPROCEEDINGS{Batista:2008aa,
  author = {Thais Batista and Maria Cecilia Bastarrica and S\'{e}rgio Soares
	and Lyrene Fernandes},
  title = {A Marriage of MDD and Early Aspects in Software Product Line Development},
  booktitle = {Early Aspects Workshop at SPLC},
  year = {2008},
  address = {Limerick, Ireland},
  bdsk-file-1 = {YnBsaXN0MDDUAQIDBAUGBwpZJGFyY2hpdmVyWCR2ZXJzaW9uVCR0b3BYJG9iamVjdHNfEA9OU0tleWVkQXJjaGl2ZXISAAGGoNEICVRyb290gAGoCwwXGBkaHiVVJG51bGzTDQ4PEBMWWk5TLm9iamVjdHNXTlMua2V5c1YkY2xhc3OiERKABIAFohQVgAKAA4AHXHJlbGF0aXZlUGF0aFlhbGlhc0RhdGFfECQuLi8uLi8uLi8uLi9CaWJEZXNrL0JhdGlzdGEvMjAwOC5wZGbSGw8cHVdOUy5kYXRhTxEBnAAAAAABnAACAAAMTWFjaW50b3NoIEhEAAAAAAAAAAAAAAAAAAAAwlhuBUgrAAAAQhz9CDIwMDgucGRmAAAAAAAAAAAAAAAAAAAAAAAAAAAAAAAAAAAAAAAAAAAAAAAAAAAAAAAAAAAAAAAAAAAAAAAAAABB6kfE2WUbUERGIAAAAAAABAADAAAJIAAAAAAAAAAAAAAAAAAAAAdCYXRpc3RhAAAQAAgAAMJYmDUAAAARAAgAAMTZj0sAAAABABgAQhz9AC4c5gAqZQMAFTJYABCGEQAAcEIAAgBDTWFjaW50b3NoIEhEOlVzZXJzOnJib25pZmFjaW86UHJvamVjdHM6cGhkOkJpYkRlc2s6QmF0aXN0YToyMDA4LnBkZgAADgASAAgAMgAwADAAOAAuAHAAZABmAA8AGgAMAE0AYQBjAGkAbgB0AG8AcwBoACAASABEABIANlVzZXJzL3Jib25pZmFjaW8vUHJvamVjdHMvcGhkL0JpYkRlc2svQmF0aXN0YS8yMDA4LnBkZgATAAEvAAAVAAIAEf//AACABtIfICEiWCRjbGFzc2VzWiRjbGFzc25hbWWjIiMkXU5TTXV0YWJsZURhdGFWTlNEYXRhWE5TT2JqZWN00h8gJieiJyRcTlNEaWN0aW9uYXJ5AAgAEQAbACQAKQAyAEQASQBMAFEAUwBcAGIAaQB0AHwAgwCGAIgAigCNAI8AkQCTAKAAqgDRANYA3gJ+AoAChQKOApkCnQKrArICuwLAAsMAAAAAAAACAQAAAAAAAAAoAAAAAAAAAAAAAAAAAAAC0A==},
  date-added = {2008-08-30 11:04:14 -0300},
  date-modified = {2008-08-30 11:06:44 -0300},
  keywords = {early aspects}
}

@INPROCEEDINGS{Bertolino:2003aa,
  author = {Antonia Bertolino and Stefania Gnesi},
  title = {Use case-based testing of product lines},
  booktitle = {ESEC/FSE' 2003},
  year = {2003},
  pages = {355--358},
  address = {Helsinki, Finland},
  bdsk-url-1 = {http://portal.acm.org/ft_gateway.cfm?id=940120&type=pdf&coll=Portal&dl=GUIDE&CFID=27682544&CFTOKEN=98099700},
  bdsk-url-2 = {http://doi.acm.org/10.1145/940071.940120},
  date-added = {2008-06-05 10:58:03 -0300},
  date-modified = {2008-06-05 11:54:23 -0300},
  doi = {http://doi.acm.org/10.1145/940071.940120},
  isbn = {1-58113-743-5},
  keywords = {spl, requirements, tests},
  location = {Helsinki, Finland},
  url = {http://portal.acm.org/ft_gateway.cfm?id=940120&type=pdf&coll=Portal&dl=GUIDE&CFID=27682544&CFTOKEN=98099700}
}

@TECHREPORT{Bonifacio:2008ab,
  author = {Rodrigo Bonif\'{a}cio and Paulo Borba},
  title = {Representing Variability Modeling as a Crosscutting Concern},
  institution = {Informatics Center},
  year = {2008},
  bdsk-url-1 = {http://twiki.cin.ufpe.br/twiki/pub/SPG/SoftwareAndProcesses/technical-report-vm001.pdf},
  date-added = {2008-06-15 18:10:32 -0300},
  date-modified = {2008-06-15 18:21:40 -0300},
  url = {http://twiki.cin.ufpe.br/twiki/pub/SPG/SoftwareAndProcesses/technical-report-vm001.pdf}
}

@INPROCEEDINGS{Bonifacio:2008aa,
  author = {Rodrigo Bonif\'{a}cio and Paulo Borba and S\'{e}rgio Soares},
  title = {On the Benefits of Variability Management as Crosscutting},
  booktitle = {Early Aspects Workshop at AOSD},
  year = {2008},
  address = {Brussels, Belgium},
  date-added = {2008-06-05 14:28:26 -0300},
  date-modified = {2008-06-13 16:06:08 -0300},
  keywords = {spl, requirements, spg}
}

@BOOK{Box:2004aa,
  title = {Statistics for Experimenters: Design, Innovation, and Discovery},
  publisher = {Wiley-Interscience},
  year = {2004},
  author = {Box, G.E.P. and Hunter, J.S. and Hunter, W.G.},
  edition = {2},
  date-added = {2008-06-14 08:04:20 -0300},
  date-modified = {2008-06-14 08:07:25 -0300},
  keywords = {experiments}
}

@TECHREPORT{Bravenboer:aa,
  author = {Bravenboer, M. and Kalleberg, K. T. and Vermaas, R. and Visser, E.
	},
  title = {Stratego/XT 0.17. A Language and Toolset for Program Transformation},
  institution = {Software Engineering Research Group, Delft University of Technology},
  year = {2008},
  bdsk-file-1 = {YnBsaXN0MDDUAQIDBAUGBwpZJGFyY2hpdmVyWCR2ZXJzaW9uVCR0b3BYJG9iamVjdHNfEA9OU0tleWVkQXJjaGl2ZXISAAGGoNEICVRyb290gAGoCwwXGBkaHiVVJG51bGzTDQ4PEBMWWk5TLm9iamVjdHNXTlMua2V5c1YkY2xhc3OiERKABIAFohQVgAKAA4AHXHJlbGF0aXZlUGF0aFlhbGlhc0RhdGFfECcuLi8uLi8uLi8uLi9CaWJEZXNrL0JyYXZlbmJvZXIvMjAwOC5wZGbSGw8cHVdOUy5kYXRhTxEBpAAAAAABpAACAAAMTWFjaW50b3NoIEhEAAAAAAAAAAAAAAAAAAAAwlhuBUgrAAAAQXu9CDIwMDgucGRmAAAAAAAAAAAAAAAAAAAAAAAAAAAAAAAAAAAAAAAAAAAAAAAAAAAAAAAAAAAAAAAAAAAAAAAAAABArYbEumYGAAAAAAAAAAAABAADAAAJIAAAAAAAAAAAAAAAAAAAAApCcmF2ZW5ib2VyABAACAAAwliYNQAAABEACAAAxLqQNgAAAAEAGABBe70ALhzmACplAwAVMlgAEIYRAABwQgACAEZNYWNpbnRvc2ggSEQ6VXNlcnM6cmJvbmlmYWNpbzpQcm9qZWN0czpwaGQ6QmliRGVzazpCcmF2ZW5ib2VyOjIwMDgucGRmAA4AEgAIADIAMAAwADgALgBwAGQAZgAPABoADABNAGEAYwBpAG4AdABvAHMAaAAgAEgARAASADlVc2Vycy9yYm9uaWZhY2lvL1Byb2plY3RzL3BoZC9CaWJEZXNrL0JyYXZlbmJvZXIvMjAwOC5wZGYAABMAAS8AABUAAgAR//8AAIAG0h8gISJYJGNsYXNzZXNaJGNsYXNzbmFtZaMiIyRdTlNNdXRhYmxlRGF0YVZOU0RhdGFYTlNPYmplY3TSHyAmJ6InJFxOU0RpY3Rpb25hcnkACAARABsAJAApADIARABJAEwAUQBTAFwAYgBpAHQAfACDAIYAiACKAI0AjwCRAJMAoACqANQA2QDhAokCiwKQApkCpAKoArYCvQLGAssCzgAAAAAAAAIBAAAAAAAAACgAAAAAAAAAAAAAAAAAAALb},
  date-added = {2008-08-20 11:35:14 -0300},
  date-modified = {2008-08-20 11:35:14 -0300},
  keywords = {program transformation, generative programming, stratego}
}

@INPROCEEDINGS{Buhne:2005aa,
  author = {Stan Buhne and Kim Lauenroth and Klaus Pohl},
  title = {Modelling Requirements Variability across Product Lines},
  booktitle = {International Conference on Requirements Engineering},
  year = {2005},
  bdsk-file-1 = {YnBsaXN0MDDUAQIDBAUGBwpZJGFyY2hpdmVyWCR2ZXJzaW9uVCR0b3BYJG9iamVjdHNfEA9OU0tleWVkQXJjaGl2ZXISAAGGoNEICVRyb290gAGoCwwXGBkaHiVVJG51bGzTDQ4PEBMWWk5TLm9iamVjdHNXTlMua2V5c1YkY2xhc3OiERKABIAFohQVgAKAA4AHXHJlbGF0aXZlUGF0aFlhbGlhc0RhdGFfECIuLi8uLi8uLi8uLi9CaWJEZXNrL0J1aG5lLzIwMDUucGRm0hsPHB1XTlMuZGF0YU8RAZYAAAAAAZYAAgAADE1hY2ludG9zaCBIRAAAAAAAAAAAAAAAAAAAAMJYbgVIKwAAAEQLzAgyMDA1LnBkZgAAAAAAAAAAAAAAAAAAAAAAAAAAAAAAAAAAAAAAAAAAAAAAAAAAAAAAAAAAAAAAAAAAAAAAAAAAQ/kWxOvuiQAAAAAAAAAAAAQAAwAACSAAAAAAAAAAAAAAAAAAAAAFQnVobmUAABAACAAAwliYNQAAABEACAAAxOwYuQAAAAEAGABEC8wALhzmACplAwAVMlgAEIYRAABwQgACAEFNYWNpbnRvc2ggSEQ6VXNlcnM6cmJvbmlmYWNpbzpQcm9qZWN0czpwaGQ6QmliRGVzazpCdWhuZToyMDA1LnBkZgAADgASAAgAMgAwADAANQAuAHAAZABmAA8AGgAMAE0AYQBjAGkAbgB0AG8AcwBoACAASABEABIANFVzZXJzL3Jib25pZmFjaW8vUHJvamVjdHMvcGhkL0JpYkRlc2svQnVobmUvMjAwNS5wZGYAEwABLwAAFQACABH//wAAgAbSHyAhIlgkY2xhc3Nlc1okY2xhc3NuYW1loyIjJF1OU011dGFibGVEYXRhVk5TRGF0YVhOU09iamVjdNIfICYnoickXE5TRGljdGlvbmFyeQAIABEAGwAkACkAMgBEAEkATABRAFMAXABiAGkAdAB8AIMAhgCIAIoAjQCPAJEAkwCgAKoAzwDUANwCdgJ4An0ChgKRApUCowKqArMCuAK7AAAAAAAAAgEAAAAAAAAAKAAAAAAAAAAAAAAAAAAAAsg=},
  date-added = {2008-09-10 21:30:53 +0200},
  date-modified = {2008-09-10 21:32:24 +0200},
  keywords = {early aspects}
}

@ARTICLE{Calder:2002aa,
  author = {Muffy Calder and Mario Kolberg},
  title = {Feature Interaction: A Critical Review and Considered Forecast and
	Evan H. Magill andStephan Reiff-Marganiec},
  journal = {Elsevier Journal of System and Software},
  year = {2002},
  bdsk-file-1 = {YnBsaXN0MDDUAQIDBAUGBwpZJGFyY2hpdmVyWCR2ZXJzaW9uVCR0b3BYJG9iamVjdHNfEA9OU0tleWVkQXJjaGl2ZXISAAGGoNEICVRyb290gAGoCwwXGBkaHiVVJG51bGzTDQ4PEBMWWk5TLm9iamVjdHNXTlMua2V5c1YkY2xhc3OiERKABIAFohQVgAKAA4AHXHJlbGF0aXZlUGF0aFlhbGlhc0RhdGFfECMuLi8uLi8uLi8uLi9CaWJEZXNrL0NhbGRlci8yMDAyLnBkZtIbDxwdV05TLmRhdGFPEQGYAAAAAAGYAAIAAAxNYWNpbnRvc2ggSEQAAAAAAAAAAAAAAAAAAADCWG4FSCsAAABBgL0IMjAwMi5wZGYAAAAAAAAAAAAAAAAAAAAAAAAAAAAAAAAAAAAAAAAAAAAAAAAAAAAAAAAAAAAAAAAAAAAAAAAAADADM8SANz1QREYgcHJ2dwAEAAMAAAkgAAAAAAAAAAAAAAAAAAAABkNhbGRlcgAQAAgAAMJYmDUAAAARAAgAAMSAYW0AAAABABgAQYC9AC4c5gAqZQMAFTJYABCGEQAAcEIAAgBCTWFjaW50b3NoIEhEOlVzZXJzOnJib25pZmFjaW86UHJvamVjdHM6cGhkOkJpYkRlc2s6Q2FsZGVyOjIwMDIucGRmAA4AEgAIADIAMAAwADIALgBwAGQAZgAPABoADABNAGEAYwBpAG4AdABvAHMAaAAgAEgARAASADVVc2Vycy9yYm9uaWZhY2lvL1Byb2plY3RzL3BoZC9CaWJEZXNrL0NhbGRlci8yMDAyLnBkZgAAEwABLwAAFQACABH//wAAgAbSHyAhIlgkY2xhc3Nlc1okY2xhc3NuYW1loyIjJF1OU011dGFibGVEYXRhVk5TRGF0YVhOU09iamVjdNIfICYnoickXE5TRGljdGlvbmFyeQAIABEAGwAkACkAMgBEAEkATABRAFMAXABiAGkAdAB8AIMAhgCIAIoAjQCPAJEAkwCgAKoA0ADVAN0CeQJ7AoACiQKUApgCpgKtArYCuwK+AAAAAAAAAgEAAAAAAAAAKAAAAAAAAAAAAAAAAAAAAss=},
  date-added = {2008-08-20 14:06:45 -0300},
  date-modified = {2008-08-20 14:08:28 -0300},
  keywords = {feature interactions}
}

@ARTICLE{Cao:2008aa,
  author = {Lan Cao and Balasubramaniam Ramesh},
  title = {Agile Requirements Engineering Practices: An Empirical Study},
  journal = {IEEE Software},
  year = {2008},
  volume = {25},
  pages = {60-67},
  number = {01},
  address = {Los Alamitos, CA, USA},
  bdsk-file-1 = {YnBsaXN0MDDUAQIDBAUGBwpZJGFyY2hpdmVyWCR2ZXJzaW9uVCR0b3BYJG9iamVjdHNfEA9OU0tleWVkQXJjaGl2ZXISAAGGoNEICVRyb290gAGoCwwXGBkaHiVVJG51bGzTDQ4PEBMWWk5TLm9iamVjdHNXTlMua2V5c1YkY2xhc3OiERKABIAFohQVgAKAA4AHXHJlbGF0aXZlUGF0aFlhbGlhc0RhdGFfECAuLi8uLi8uLi8uLi9CaWJEZXNrL0Nhby8yMDA4LnBkZtIbDxwdV05TLmRhdGFPEQGQAAAAAAGQAAIAAAxNYWNpbnRvc2ggSEQAAAAAAAAAAAAAAAAAAADCWG4FSCsAAAAuQC0IMjAwOC5wZGYAAAAAAAAAAAAAAAAAAAAAAAAAAAAAAAAAAAAAAAAAAAAAAAAAAAAAAAAAAAAAAAAAAAAAAAAAAC5AIsRQNlFQREYgcHJ2dwAEAAMAAAkgAAAAAAAAAAAAAAAAAAAAA0NhbwAAEAAIAADCWJg1AAAAEQAIAADEUGCBAAAAAQAYAC5ALQAuHOYAKmUDABUyWAAQhhEAAHBCAAIAP01hY2ludG9zaCBIRDpVc2VyczpyYm9uaWZhY2lvOlByb2plY3RzOnBoZDpCaWJEZXNrOkNhbzoyMDA4LnBkZgAADgASAAgAMgAwADAAOAAuAHAAZABmAA8AGgAMAE0AYQBjAGkAbgB0AG8AcwBoACAASABEABIAMlVzZXJzL3Jib25pZmFjaW8vUHJvamVjdHMvcGhkL0JpYkRlc2svQ2FvLzIwMDgucGRmABMAAS8AABUAAgAR//8AAIAG0h8gISJYJGNsYXNzZXNaJGNsYXNzbmFtZaMiIyRdTlNNdXRhYmxlRGF0YVZOU0RhdGFYTlNPYmplY3TSHyAmJ6InJFxOU0RpY3Rpb25hcnkACAARABsAJAApADIARABJAEwAUQBTAFwAYgBpAHQAfACDAIYAiACKAI0AjwCRAJMAoACqAM0A0gDaAm4CcAJ1An4CiQKNApsCogKrArACswAAAAAAAAIBAAAAAAAAACgAAAAAAAAAAAAAAAAAAALA},
  bdsk-url-1 = {http://doi.ieeecomputersociety.org/10.1109/MS.2008.1},
  date-added = {2008-05-14 06:24:56 -0300},
  date-modified = {2008-05-14 06:26:11 -0300},
  doi = {http://doi.ieeecomputersociety.org/10.1109/MS.2008.1},
  issn = {0740-7459},
  keywords = {empirical software engineering},
  publisher = {IEEE Computer Society}
}

@INPROCEEDINGS{Chitchyan:2007aa,
  author = {Ruzanna Chitchyan and Awais Rashid and Paul Rayson and Robert Waters},
  title = {Semantics-based composition for aspect-oriented requirements engineering},
  booktitle = {AOSD' 2007},
  year = {2007},
  pages = {36--48},
  address = {New York, NY, USA},
  doi = {http://doi.acm.org/10.1145/1218563.1218569},
  isbn = {1-59593-615-7},
  location = {Vancouver, British Columbia, Canada}
}

@BOOK{Clements:2001aa,
  title = {Software Product Lines: Practices and Patterns},
  publisher = {{Addison-Wesley}},
  year = {2001},
  author = {Clements, Paul and Northrop, Linda}
}

@INPROCEEDINGS{Conejero:2008aa,
  author = {Jos{\'e} Conejero and Juan Hern{\'a}ndez},
  title = {Analysis of crosscutting features in Software Product Lines},
  booktitle = {Early Aspects Workshop at ICSE},
  year = {2008},
  pages = {3--10},
  address = {Leipzig, Germany},
  bdsk-file-1 = {YnBsaXN0MDDUAQIDBAUGBwpZJGFyY2hpdmVyWCR2ZXJzaW9uVCR0b3BYJG9iamVjdHNfEA9OU0tleWVkQXJjaGl2ZXISAAGGoNEICVRyb290gAGoCwwXGBkaHiVVJG51bGzTDQ4PEBMWWk5TLm9iamVjdHNXTlMua2V5c1YkY2xhc3OiERKABIAFohQVgAKAA4AHXHJlbGF0aXZlUGF0aFlhbGlhc0RhdGFfECUuLi8uLi8uLi8uLi9CaWJEZXNrL0NvbmVqZXJvLzIwMDcucGRm0hsPHB1XTlMuZGF0YU8RAZ4AAAAAAZ4AAgAADE1hY2ludG9zaCBIRAAAAAAAAAAAAAAAAAAAAMJYbgVIKwAAAC/aYwgyMDA3LnBkZgAAAAAAAAAAAAAAAAAAAAAAAAAAAAAAAAAAAAAAAAAAAAAAAAAAAAAAAAAAAAAAAAAAAAAAAAAAL0kBw9ZlBgAAAAAAAAAAAAQAAwAACSAAAAAAAAAAAAAAAAAAAAAIQ29uZWplcm8AEAAIAADCWJg1AAAAEQAIAADD1o82AAAAAQAYAC/aYwAuHOYAKmUDABUyWAAQhhEAAHBCAAIARE1hY2ludG9zaCBIRDpVc2VyczpyYm9uaWZhY2lvOlByb2plY3RzOnBoZDpCaWJEZXNrOkNvbmVqZXJvOjIwMDcucGRmAA4AEgAIADIAMAAwADcALgBwAGQAZgAPABoADABNAGEAYwBpAG4AdABvAHMAaAAgAEgARAASADdVc2Vycy9yYm9uaWZhY2lvL1Byb2plY3RzL3BoZC9CaWJEZXNrL0NvbmVqZXJvLzIwMDcucGRmAAATAAEvAAAVAAIAEf//AACABtIfICEiWCRjbGFzc2VzWiRjbGFzc25hbWWjIiMkXU5TTXV0YWJsZURhdGFWTlNEYXRhWE5TT2JqZWN00h8gJieiJyRcTlNEaWN0aW9uYXJ5AAgAEQAbACQAKQAyAEQASQBMAFEAUwBcAGIAaQB0AHwAgwCGAIgAigCNAI8AkQCTAKAAqgDSANcA3wKBAoMCiAKRApwCoAKuArUCvgLDAsYAAAAAAAACAQAAAAAAAAAoAAAAAAAAAAAAAAAAAAAC0w==},
  bdsk-file-2 = {YnBsaXN0MDDUAQIDBAUGBwpZJGFyY2hpdmVyWCR2ZXJzaW9uVCR0b3BYJG9iamVjdHNfEA9OU0tleWVkQXJjaGl2ZXISAAGGoNEICVRyb290gAGoCwwXGBkaHiVVJG51bGzTDQ4PEBMWWk5TLm9iamVjdHNXTlMua2V5c1YkY2xhc3OiERKABIAFohQVgAKAA4AHXHJlbGF0aXZlUGF0aFlhbGlhc0RhdGFfECUuLi8uLi8uLi8uLi9CaWJEZXNrL0NvbmVqZXJvLzIwMDcudHh00hsPHB1XTlMuZGF0YU8RAZ4AAAAAAZ4AAgAADE1hY2ludG9zaCBIRAAAAAAAAAAAAAAAAAAAAMJYbgVIKwAAAC/aYwgyMDA3LnR4dAAAAAAAAAAAAAAAAAAAAAAAAAAAAAAAAAAAAAAAAAAAAAAAAAAAAAAAAAAAAAAAAAAAAAAAAAAAL0kAw9ZkfAAAAAAAAAAAAAQAAwAACSAAAAAAAAAAAAAAAAAAAAAIQ29uZWplcm8AEAAIAADCWJg1AAAAEQAIAADD1o6sAAAAAQAYAC/aYwAuHOYAKmUDABUyWAAQhhEAAHBCAAIARE1hY2ludG9zaCBIRDpVc2VyczpyYm9uaWZhY2lvOlByb2plY3RzOnBoZDpCaWJEZXNrOkNvbmVqZXJvOjIwMDcudHh0AA4AEgAIADIAMAAwADcALgB0AHgAdAAPABoADABNAGEAYwBpAG4AdABvAHMAaAAgAEgARAASADdVc2Vycy9yYm9uaWZhY2lvL1Byb2plY3RzL3BoZC9CaWJEZXNrL0NvbmVqZXJvLzIwMDcudHh0AAATAAEvAAAVAAIAEf//AACABtIfICEiWCRjbGFzc2VzWiRjbGFzc25hbWWjIiMkXU5TTXV0YWJsZURhdGFWTlNEYXRhWE5TT2JqZWN00h8gJieiJyRcTlNEaWN0aW9uYXJ5AAgAEQAbACQAKQAyAEQASQBMAFEAUwBcAGIAaQB0AHwAgwCGAIgAigCNAI8AkQCTAKAAqgDSANcA3wKBAoMCiAKRApwCoAKuArUCvgLDAsYAAAAAAAACAQAAAAAAAAAoAAAAAAAAAAAAAAAAAAAC0w==},
  date-added = {2008-06-13 09:08:21 -0300},
  date-modified = {2008-08-30 11:19:14 -0300},
  keywords = {spl, feature models, SoC, reviewd}
}

@BOOK{Czarnecki:2000aa,
  title = {Generative programming: methods, tools, and applications},
  publisher = {ACM Press/Addison-Wesley Publishing Co},
  year = {2000},
  author = {Czarnecki, K. and Eisenecker, U.W.}
}

@INPROCEEDINGS{Czarnecki:2006aa,
  author = {Krzysztof Czarnecki and Krzysztof Pietroszek},
  title = {Verifying feature-based model templates against well-formedness OCL
	constraints},
  booktitle = {GPCE' 2006},
  year = {2006},
  pages = {211--220},
  address = {New York, NY, USA},
  bdsk-url-1 = {http://portal.acm.org/ft_gateway.cfm?id=1173738&type=pdf&coll=Portal&dl=GUIDE&CFID=30938136&CFTOKEN=27141921},
  bdsk-url-2 = {http://doi.acm.org/10.1145/1173706.1173738},
  date-added = {2008-06-05 12:00:13 -0300},
  date-modified = {2008-06-13 08:59:17 -0300},
  doi = {http://doi.acm.org/10.1145/1173706.1173738},
  isbn = {1-59593-237-2},
  keywords = {feature models},
  location = {Portland, Oregon, USA},
  url = {http://portal.acm.org/ft_gateway.cfm?id=1173738&type=pdf&coll=Portal&dl=GUIDE&CFID=30938136&CFTOKEN=27141921}
}

@INPROCEEDINGS{Eaddy:2007aa,
  author = {Marc Eaddy and Alfred Aho and Gail Murphy},
  title = {Identifying, Assigning, and Quantifying Crosscutting Concerns},
  booktitle = {First {W}orkshop on {A}ssessment of {C}ontemporary {M}odularization {T}echniques (ACOM)},
  year = {2007},
  address = {Minneapolis, USA},
  month = {May},
  bdsk-file-1 = {YnBsaXN0MDDUAQIDBAUGBwpZJGFyY2hpdmVyWCR2ZXJzaW9uVCR0b3BYJG9iamVjdHNfEA9OU0tleWVkQXJjaGl2ZXISAAGGoNEICVRyb290gAGoCwwXGBkaHiVVJG51bGzTDQ4PEBMWWk5TLm9iamVjdHNXTlMua2V5c1YkY2xhc3OiERKABIAFohQVgAKAA4AHXHJlbGF0aXZlUGF0aFlhbGlhc0RhdGFfECIuLi8uLi8uLi8uLi9CaWJEZXNrL0VhZGR5LzIwMDcucGRm0hsPHB1XTlMuZGF0YU8RAZYAAAAAAZYAAgAADE1hY2ludG9zaCBIRAAAAAAAAAAAAAAAAAAAAMJYbgVIKwAAAEF9ywgyMDA3LnBkZgAAAAAAAAAAAAAAAAAAAAAAAAAAAAAAAAAAAAAAAAAAAAAAAAAAAAAAAAAAAAAAAAAAAAAAAAAAQOvDxL8wOAAAAAAAAAAAAAQAAwAACSAAAAAAAAAAAAAAAAAAAAAFRWFkZHkAABAACAAAwliYNQAAABEACAAAxL9aaAAAAAEAGABBfcsALhzmACplAwAVMlgAEIYRAABwQgACAEFNYWNpbnRvc2ggSEQ6VXNlcnM6cmJvbmlmYWNpbzpQcm9qZWN0czpwaGQ6QmliRGVzazpFYWRkeToyMDA3LnBkZgAADgASAAgAMgAwADAANwAuAHAAZABmAA8AGgAMAE0AYQBjAGkAbgB0AG8AcwBoACAASABEABIANFVzZXJzL3Jib25pZmFjaW8vUHJvamVjdHMvcGhkL0JpYkRlc2svRWFkZHkvMjAwNy5wZGYAEwABLwAAFQACABH//wAAgAbSHyAhIlgkY2xhc3Nlc1okY2xhc3NuYW1loyIjJF1OU011dGFibGVEYXRhVk5TRGF0YVhOU09iamVjdNIfICYnoickXE5TRGljdGlvbmFyeQAIABEAGwAkACkAMgBEAEkATABRAFMAXABiAGkAdAB8AIMAhgCIAIoAjQCPAJEAkwCgAKoAzwDUANwCdgJ4An0ChgKRApUCowKqArMCuAK7AAAAAAAAAgEAAAAAAAAAKAAAAAAAAAAAAAAAAAAAAsg=},
  date-added = {2008-08-20 11:44:48 -0300},
  date-modified = {2008-08-20 11:47:31 -0300}
}

@ARTICLE{Eriksson:2006aa,
  author = {Magnus Eriksson and Jurgen Borstler and Kjell Borg},
  title = {Software product line modeling made practical},
  journal = {Commun. ACM},
  year = {2006},
  volume = {49},
  pages = {49--54},
  number = {12},
  address = {New York, NY, USA},
  bdsk-url-1 = {http://doi.acm.org/10.1145/1183236.1183265},
  date-added = {2008-06-05 10:57:07 -0300},
  date-modified = {2008-06-05 10:57:46 -0300},
  doi = {http://doi.acm.org/10.1145/1183236.1183265},
  issn = {0001-0782},
  keywords = {spl, requirements},
  publisher = {ACM Press}
}

@INPROCEEDINGS{Eriksson:2005aa,
  author = {Magnus Eriksson and Jurgen Borstler and Kjell Borg},
  title = {The {PLUSS} Approach - Domain Modeling with Features, Use Cases and
	Use Case Realizations},
  booktitle = {SPLC' 2005},
  address={Rennes, France},
  year = {2005},
  pages = {33--44},
  date-added = {2008-06-05 10:57:07 -0300},
  date-modified = {2008-06-05 10:57:32 -0300},
  keywords = {spl, requirements}
}

@ARTICLE{Fantechi:2004aa,
  author = {Fantechi, A. and Gnesi, S. and Lami, G. and Nesti, E.},
  title = {{A Methodology for the Derivation and Verification of Use Cases for
	Product Lines}},
  journal = {SPLC' 2004},
  year = {2004},
  pages = {255--265},
  date-added = {2008-08-20 11:10:25 -0300},
  date-modified = {2008-08-20 11:42:19 -0300},
  keywords = {spl, requirements},
}

@UNPUBLISHED{Ferraz:2008aa,
  author = {Cristiano Ferraz},
  title = {Apresentacao para o CIN sobre design de experimentos},
  year = {2008},
  bdsk-file-1 = {YnBsaXN0MDDUAQIDBAUGBwpZJGFyY2hpdmVyWCR2ZXJzaW9uVCR0b3BYJG9iamVjdHNfEA9OU0tleWVkQXJjaGl2ZXISAAGGoNEICVRyb290gAGoCwwXGBkaHiVVJG51bGzTDQ4PEBMWWk5TLm9iamVjdHNXTlMua2V5c1YkY2xhc3OiERKABIAFohQVgAKAA4AHXHJlbGF0aXZlUGF0aFlhbGlhc0RhdGFfECMuLi8uLi8uLi8uLi9CaWJEZXNrL0ZlcnJhei8yMDA4LnBkZtIbDxwdV05TLmRhdGFPEQGYAAAAAAGYAAIAAAxNYWNpbnRvc2ggSEQAAAAAAAAAAAAAAAAAAADCWG4FSCsAAAAv2hoIMjAwOC5wZGYAAAAAAAAAAAAAAAAAAAAAAAAAAAAAAAAAAAAAAAAAAAAAAAAAAAAAAAAAAAAAAAAAAAAAAAAAAC9L2cRtu/VQREYgcHJ2dwAEAAMAAAkgAAAAAAAAAAAAAAAAAAAABkZlcnJhegAQAAgAAMJYmDUAAAARAAgAAMRt5iUAAAABABgAL9oaAC4c5gAqZQMAFTJYABCGEQAAcEIAAgBCTWFjaW50b3NoIEhEOlVzZXJzOnJib25pZmFjaW86UHJvamVjdHM6cGhkOkJpYkRlc2s6RmVycmF6OjIwMDgucGRmAA4AEgAIADIAMAAwADgALgBwAGQAZgAPABoADABNAGEAYwBpAG4AdABvAHMAaAAgAEgARAASADVVc2Vycy9yYm9uaWZhY2lvL1Byb2plY3RzL3BoZC9CaWJEZXNrL0ZlcnJhei8yMDA4LnBkZgAAEwABLwAAFQACABH//wAAgAbSHyAhIlgkY2xhc3Nlc1okY2xhc3NuYW1loyIjJF1OU011dGFibGVEYXRhVk5TRGF0YVhOU09iamVjdNIfICYnoickXE5TRGljdGlvbmFyeQAIABEAGwAkACkAMgBEAEkATABRAFMAXABiAGkAdAB8AIMAhgCIAIoAjQCPAJEAkwCgAKoA0ADVAN0CeQJ7AoACiQKUApgCpgKtArYCuwK+AAAAAAAAAgEAAAAAAAAAKAAAAAAAAAAAAAAAAAAAAss=},
  date-added = {2008-06-13 08:59:48 -0300},
  date-modified = {2008-06-13 09:04:33 -0300},
  keywords = {empirical software engineering,presentation}
}

@UNPUBLISHED{Ferraz:2008ab,
  author = {Cristiano Ferraz},
  title = {Apresentacao para o CIN sobre design de experimentos II},
  year = {2008},
  bdsk-file-1 = {YnBsaXN0MDDUAQIDBAUGBwpZJGFyY2hpdmVyWCR2ZXJzaW9uVCR0b3BYJG9iamVjdHNfEA9OU0tleWVkQXJjaGl2ZXISAAGGoNEICVRyb290gAGoCwwXGBkaHiVVJG51bGzTDQ4PEBMWWk5TLm9iamVjdHNXTlMua2V5c1YkY2xhc3OiERKABIAFohQVgAKAA4AHXHJlbGF0aXZlUGF0aFlhbGlhc0RhdGFfECQuLi8uLi8uLi8uLi9CaWJEZXNrL0ZlcnJhei8yMDA4YS5wZGbSGw8cHVdOUy5kYXRhTxEBnAAAAAABnAACAAAMTWFjaW50b3NoIEhEAAAAAAAAAAAAAAAAAAAAwlhuBUgrAAAAL9oaCTIwMDhhLnBkZgAAAAAAAAAAAAAAAAAAAAAAAAAAAAAAAAAAAAAAAAAAAAAAAAAAAAAAAAAAAAAAAAAAAAAAAAAv2j3Ed+grAAAAAAAAAAAABAADAAAJIAAAAAAAAAAAAAAAAAAAAAZGZXJyYXoAEAAIAADCWJg1AAAAEQAIAADEeBJbAAAAAQAYAC/aGgAuHOYAKmUDABUyWAAQhhEAAHBCAAIAQ01hY2ludG9zaCBIRDpVc2VyczpyYm9uaWZhY2lvOlByb2plY3RzOnBoZDpCaWJEZXNrOkZlcnJhejoyMDA4YS5wZGYAAA4AFAAJADIAMAAwADgAYQAuAHAAZABmAA8AGgAMAE0AYQBjAGkAbgB0AG8AcwBoACAASABEABIANlVzZXJzL3Jib25pZmFjaW8vUHJvamVjdHMvcGhkL0JpYkRlc2svRmVycmF6LzIwMDhhLnBkZgATAAEvAAAVAAIAEf//AACABtIfICEiWCRjbGFzc2VzWiRjbGFzc25hbWWjIiMkXU5TTXV0YWJsZURhdGFWTlNEYXRhWE5TT2JqZWN00h8gJieiJyRcTlNEaWN0aW9uYXJ5AAgAEQAbACQAKQAyAEQASQBMAFEAUwBcAGIAaQB0AHwAgwCGAIgAigCNAI8AkQCTAKAAqgDRANYA3gJ+AoAChQKOApkCnQKrArICuwLAAsMAAAAAAAACAQAAAAAAAAAoAAAAAAAAAAAAAAAAAAAC0A==},
  date-added = {2008-06-13 09:03:07 -0300},
  date-modified = {2008-06-13 09:04:20 -0300},
  keywords = {empirical software engineering, presentation}
}

@INPROCEEDINGS{Figueiredo:2008aa,
  author = {Eduardo Figueiredo and others},
  title = {Evolving software product lines with aspects: an empirical study
	on design stability},
  booktitle = {ICSE' 2008},
  year = {2008},
  pages = {261--270},
  address = {Leipzig, Germany},
 bdsk-file-1 = {YnBsaXN0MDDUAQIDBAUGBwpZJGFyY2hpdmVyWCR2ZXJzaW9uVCR0b3BYJG9iamVjdHNfEA9OU0tleWVkQXJjaGl2ZXISAAGGoNEICVRyb290gAGoCwwXGBkaHiVVJG51bGzTDQ4PEBMWWk5TLm9iamVjdHNXTlMua2V5c1YkY2xhc3OiERKABIAFohQVgAKAA4AHXHJlbGF0aXZlUGF0aFlhbGlhc0RhdGFfECcuLi8uLi8uLi8uLi9CaWJEZXNrL0ZpZ3VlaXJlZG8vMjAwOC5wZGbSGw8cHVdOUy5kYXRhTxEBpAAAAAABpAACAAAMTWFjaW50b3NoIEhEAAAAAAAAAAAAAAAAAAAAwlhuBUgrAAAAQOy7CDIwMDgucGRmAAAAAAAAAAAAAAAAAAAAAAAAAAAAAAAAAAAAAAAAAAAAAAAAAAAAAAAAAAAAAAAAAAAAAAAAAABA7K/Evzs8AAAAAAAAAAAABAADAAAJIAAAAAAAAAAAAAAAAAAAAApGaWd1ZWlyZWRvABAACAAAwliYNQAAABEACAAAxL9lbAAAAAEAGABA7LsALhzmACplAwAVMlgAEIYRAABwQgACAEZNYWNpbnRvc2ggSEQ6VXNlcnM6cmJvbmlmYWNpbzpQcm9qZWN0czpwaGQ6QmliRGVzazpGaWd1ZWlyZWRvOjIwMDgucGRmAA4AEgAIADIAMAAwADgALgBwAGQAZgAPABoADABNAGEAYwBpAG4AdABvAHMAaAAgAEgARAASADlVc2Vycy9yYm9uaWZhY2lvL1Byb2plY3RzL3BoZC9CaWJEZXNrL0ZpZ3VlaXJlZG8vMjAwOC5wZGYAABMAAS8AABUAAgAR//8AAIAG0h8gISJYJGNsYXNzZXNaJGNsYXNzbmFtZaMiIyRdTlNNdXRhYmxlRGF0YVZOU0RhdGFYTlNPYmplY3TSHyAmJ6InJFxOU0RpY3Rpb25hcnkACAARABsAJAApADIARABJAEwAUQBTAFwAYgBpAHQAfACDAIYAiACKAI0AjwCRAJMAoACqANQA2QDhAokCiwKQApkCpAKoArYCvQLGAssCzgAAAAAAAAIBAAAAAAAAACgAAAAAAAAAAAAAAAAAAALb},
  bdsk-url-1 = {http://portal.acm.org/ft_gateway.cfm?id=1368124&type=pdf&coll=portal&dl=ACM&CFID=73027562&CFTOKEN=51981202},
  bdsk-url-2 = {http://doi.acm.org/10.1145/1368088.1368124},
  date-added = {2008-06-14 09:21:16 -0300},
  date-modified = {2008-06-14 09:21:38 -0300},
  doi = {http://doi.acm.org/10.1145/1368088.1368124},
  isbn = {978-1-60558-079-1},
  keywords = {aop, spl, experiments, empirical software engineering},
  location = {Leipzig, Germany},
  url = {http://portal.acm.org/ft_gateway.cfm?id=1368124&type=pdf&coll=portal&dl=ACM&CFID=73027562&CFTOKEN=51981202}
}

@ARTICLE{Figueiredo:2008ab,
  author = {Figueiredo, E. and Sant'Anna, C. and Garcia, A. and Bartolomei, T.T.
	and Cazzola, W. and Marchetto, A.},
  title = {{On the Maintainability of Aspect-Oriented Software: A Concern-Oriented
	Measurement Framework}},
  journal = {Software Maintenance and Reengineering, 2008. CSMR 2008. 12th European
	Conference on},
  year = {2008},
  pages = {183--192},
  bdsk-file-1 = {YnBsaXN0MDDUAQIDBAUGBwpZJGFyY2hpdmVyWCR2ZXJzaW9uVCR0b3BYJG9iamVjdHNfEA9OU0tleWVkQXJjaGl2ZXISAAGGoNEICVRyb290gAGoCwwXGBkaHiVVJG51bGzTDQ4PEBMWWk5TLm9iamVjdHNXTlMua2V5c1YkY2xhc3OiERKABIAFohQVgAKAA4AHXHJlbGF0aXZlUGF0aFlhbGlhc0RhdGFfECguLi8uLi8uLi8uLi9CaWJEZXNrL0ZpZ3VlaXJlZG8vMjAwOGEucGRm0hsPHB1XTlMuZGF0YU8RAagAAAAAAagAAgAADE1hY2ludG9zaCBIRAAAAAAAAAAAAAAAAAAAAMJYbgVIKwAAAEDsuwkyMDA4YS5wZGYAAAAAAAAAAAAAAAAAAAAAAAAAAAAAAAAAAAAAAAAAAAAAAAAAAAAAAAAAAAAAAAAAAAAAAAAAQO07xL8/TwAAAAAAAAAAAAQAAwAACSAAAAAAAAAAAAAAAAAAAAAKRmlndWVpcmVkbwAQAAgAAMJYmDUAAAARAAgAAMS/aX8AAAABABgAQOy7AC4c5gAqZQMAFTJYABCGEQAAcEIAAgBHTWFjaW50b3NoIEhEOlVzZXJzOnJib25pZmFjaW86UHJvamVjdHM6cGhkOkJpYkRlc2s6RmlndWVpcmVkbzoyMDA4YS5wZGYAAA4AFAAJADIAMAAwADgAYQAuAHAAZABmAA8AGgAMAE0AYQBjAGkAbgB0AG8AcwBoACAASABEABIAOlVzZXJzL3Jib25pZmFjaW8vUHJvamVjdHMvcGhkL0JpYkRlc2svRmlndWVpcmVkby8yMDA4YS5wZGYAEwABLwAAFQACABH//wAAgAbSHyAhIlgkY2xhc3Nlc1okY2xhc3NuYW1loyIjJF1OU011dGFibGVEYXRhVk5TRGF0YVhOU09iamVjdNIfICYnoickXE5TRGljdGlvbmFyeQAIABEAGwAkACkAMgBEAEkATABRAFMAXABiAGkAdAB8AIMAhgCIAIoAjQCPAJEAkwCgAKoA1QDaAOICjgKQApUCngKpAq0CuwLCAssC0ALTAAAAAAAAAgEAAAAAAAAAKAAAAAAAAAAAAAAAAAAAAuA=},
  date-added = {2008-08-06 11:47:06 -0300},
  date-modified = {2008-08-06 11:47:38 -0300}
}

@INPROCEEDINGS{Fraine:2008aa,
  author = {Bruno De Fraine and Mario S\"{u}dholt and Viviane Jonckers},
  title = {StrongAspectJ: flexible and safe pointcut/advice bindings},
  booktitle = {AOSD' 2008},
  year = {2008},
  pages = {60--71},
  address = {New York, NY, USA},
  bdsk-file-1 = {YnBsaXN0MDDUAQIDBAUGBwpZJGFyY2hpdmVyWCR2ZXJzaW9uVCR0b3BYJG9iamVjdHNfEA9OU0tleWVkQXJjaGl2ZXISAAGGoNEICVRyb290gAGoCwwXGBkaHiVVJG51bGzTDQ4PEBMWWk5TLm9iamVjdHNXTlMua2V5c1YkY2xhc3OiERKABIAFohQVgAKAA4AHXHJlbGF0aXZlUGF0aFlhbGlhc0RhdGFfECMuLi8uLi8uLi8uLi9CaWJEZXNrL0ZyYWluZS8yMDA4LnBkZtIbDxwdV05TLmRhdGFPEQGYAAAAAAGYAAIAAAxNYWNpbnRvc2ggSEQAAAAAAAAAAAAAAAAAAADCWG4FSCsAAAAv8gkIMjAwOC5wZGYAAAAAAAAAAAAAAAAAAAAAAAAAAAAAAAAAAAAAAAAAAAAAAAAAAAAAAAAAAAAAAAAAAAAAAAAAAC/x+sR70EtQREYgAAAAAAAEAAMAAAkgAAAAAAAAAAAAAAAAAAAABkZyYWluZQAQAAgAAMJYmDUAAAARAAgAAMR7+nsAAAABABgAL/IJAC4c5gAqZQMAFTJYABCGEQAAcEIAAgBCTWFjaW50b3NoIEhEOlVzZXJzOnJib25pZmFjaW86UHJvamVjdHM6cGhkOkJpYkRlc2s6RnJhaW5lOjIwMDgucGRmAA4AEgAIADIAMAAwADgALgBwAGQAZgAPABoADABNAGEAYwBpAG4AdABvAHMAaAAgAEgARAASADVVc2Vycy9yYm9uaWZhY2lvL1Byb2plY3RzL3BoZC9CaWJEZXNrL0ZyYWluZS8yMDA4LnBkZgAAEwABLwAAFQACABH//wAAgAbSHyAhIlgkY2xhc3Nlc1okY2xhc3NuYW1loyIjJF1OU011dGFibGVEYXRhVk5TRGF0YVhOU09iamVjdNIfICYnoickXE5TRGljdGlvbmFyeQAIABEAGwAkACkAMgBEAEkATABRAFMAXABiAGkAdAB8AIMAhgCIAIoAjQCPAJEAkwCgAKoA0ADVAN0CeQJ7AoACiQKUApgCpgKtArYCuwK+AAAAAAAAAgEAAAAAAAAAKAAAAAAAAAAAAAAAAAAAAss=},
  bdsk-url-1 = {http://portal.acm.org/ft_gateway.cfm?id=1353491&type=pdf&coll=portal&dl=ACM&CFID=32548106&CFTOKEN=14772214},
  bdsk-url-2 = {http://doi.acm.org/10.1145/1353482.1353491},
  date-added = {2008-06-16 08:09:09 -0300},
  date-modified = {2008-07-04 06:01:00 -0300},
  doi = {http://doi.acm.org/10.1145/1353482.1353491},
  isbn = {978-1-60558-044-9},
  keywords = {gentes, aop, types},
  local-url = {file://localhost/Users/rbonifacio/Projects/phd/BibDesk/Fraine/2008.pdf},
  location = {Brussels, Belgium},
  url = {http://portal.acm.org/ft_gateway.cfm?id=1353491&type=pdf&coll=portal&dl=ACM&CFID=32548106&CFTOKEN=14772214}
}

@ARTICLE{France:aa,
  author = {Robert France},
  title = {Fair treatment of evaluations in reviews},
  journal = {Springer-Verlag Software and System Modeling},
  year = {2008},
  bdsk-file-1 = {YnBsaXN0MDDUAQIDBAUGBwpZJGFyY2hpdmVyWCR2ZXJzaW9uVCR0b3BYJG9iamVjdHNfEA9OU0tleWVkQXJjaGl2ZXISAAGGoNEICVRyb290gAGoCwwXGBkaHiVVJG51bGzTDQ4PEBMWWk5TLm9iamVjdHNXTlMua2V5c1YkY2xhc3OiERKABIAFohQVgAKAA4AHXHJlbGF0aXZlUGF0aFlhbGlhc0RhdGFfECMuLi8uLi8uLi8uLi9CaWJEZXNrL0ZyYW5jZS8yMDA4LnBkZtIbDxwdV05TLmRhdGFPEQGYAAAAAAGYAAIAAAxNYWNpbnRvc2ggSEQAAAAAAAAAAAAAAAAAAADCWG4FSCsAAABCHc0IMjAwOC5wZGYAAAAAAAAAAAAAAAAAAAAAAAAAAAAAAAAAAAAAAAAAAAAAAAAAAAAAAAAAAAAAAAAAAAAAAAAAAEGB1MTR61QAAAAAAAAAAAAEAAMAAAkgAAAAAAAAAAAAAAAAAAAABkZyYW5jZQAQAAgAAMJYmDUAAAARAAgAAMTSFYQAAAABABgAQh3NAC4c5gAqZQMAFTJYABCGEQAAcEIAAgBCTWFjaW50b3NoIEhEOlVzZXJzOnJib25pZmFjaW86UHJvamVjdHM6cGhkOkJpYkRlc2s6RnJhbmNlOjIwMDgucGRmAA4AEgAIADIAMAAwADgALgBwAGQAZgAPABoADABNAGEAYwBpAG4AdABvAHMAaAAgAEgARAASADVVc2Vycy9yYm9uaWZhY2lvL1Byb2plY3RzL3BoZC9CaWJEZXNrL0ZyYW5jZS8yMDA4LnBkZgAAEwABLwAAFQACABH//wAAgAbSHyAhIlgkY2xhc3Nlc1okY2xhc3NuYW1loyIjJF1OU011dGFibGVEYXRhVk5TRGF0YVhOU09iamVjdNIfICYnoickXE5TRGljdGlvbmFyeQAIABEAGwAkACkAMgBEAEkATABRAFMAXABiAGkAdAB8AIMAhgCIAIoAjQCPAJEAkwCgAKoA0ADVAN0CeQJ7AoACiQKUApgCpgKtArYCuwK+AAAAAAAAAgEAAAAAAAAAKAAAAAAAAAAAAAAAAAAAAss=},
  date-added = {2008-08-30 11:22:45 -0300},
  date-modified = {2008-08-30 11:24:22 -0300},
  keywords = {research}
}

@BOOK{Gallier:2003aa,
  title = {Logic For Computer Science Foundations of Automatic Theorem Proving},
  publisher = {University of Pennsylvania},
  year = {2003},
  author = {Jean H. Gallier},
  bdsk-file-1 = {YnBsaXN0MDDUAQIDBAUGBwpZJGFyY2hpdmVyWCR2ZXJzaW9uVCR0b3BYJG9iamVjdHNfEA9OU0tleWVkQXJjaGl2ZXISAAGGoNEICVRyb290gAGoCwwXGBkaHiVVJG51bGzTDQ4PEBMWWk5TLm9iamVjdHNXTlMua2V5c1YkY2xhc3OiERKABIAFohQVgAKAA4AHXHJlbGF0aXZlUGF0aFlhbGlhc0RhdGFfECQuLi8uLi8uLi8uLi9CaWJEZXNrL0dhbGxpZXIvMjAwMy5wZGbSGw8cHVdOUy5kYXRhTxEBnAAAAAABnAACAAAMTWFjaW50b3NoIEhEAAAAAAAAAAAAAAAAAAAAwlhuBUgrAAAAMChqCDIwMDMucGRmAAAAAAAAAAAAAAAAAAAAAAAAAAAAAAAAAAAAAAAAAAAAAAAAAAAAAAAAAAAAAAAAAAAAAAAAAAAv3+bEbGNIAAAAAAAAAAAABAADAAAJIAAAAAAAAAAAAAAAAAAAAAdHYWxsaWVyAAAQAAgAAMJYmDUAAAARAAgAAMRsjXgAAAABABgAMChqAC4c5gAqZQMAFTJYABCGEQAAcEIAAgBDTWFjaW50b3NoIEhEOlVzZXJzOnJib25pZmFjaW86UHJvamVjdHM6cGhkOkJpYkRlc2s6R2FsbGllcjoyMDAzLnBkZgAADgASAAgAMgAwADAAMwAuAHAAZABmAA8AGgAMAE0AYQBjAGkAbgB0AG8AcwBoACAASABEABIANlVzZXJzL3Jib25pZmFjaW8vUHJvamVjdHMvcGhkL0JpYkRlc2svR2FsbGllci8yMDAzLnBkZgATAAEvAAAVAAIAEf//AACABtIfICEiWCRjbGFzc2VzWiRjbGFzc25hbWWjIiMkXU5TTXV0YWJsZURhdGFWTlNEYXRhWE5TT2JqZWN00h8gJieiJyRcTlNEaWN0aW9uYXJ5AAgAEQAbACQAKQAyAEQASQBMAFEAUwBcAGIAaQB0AHwAgwCGAIgAigCNAI8AkQCTAKAAqgDRANYA3gJ+AoAChQKOApkCnQKrArICuwLAAsMAAAAAAAACAQAAAAAAAAAoAAAAAAAAAAAAAAAAAAAC0A==},
  date-added = {2008-06-25 11:36:19 -0300},
  date-modified = {2008-06-25 11:44:54 -0300},
  keywords = {logic},
  rating = {4}
}

@ARTICLE{Garcia:2005aa,
  author = {Garcia, A. and others},
  title = {{Modularizing design patterns with aspects: a quantitative study}},
  journal = {AOSD' 2005},
  year = {2005},
  pages = {3--14},
  number = {18},
  date-added = {2008-06-13 15:19:22 -0300},
  date-modified = {2008-06-13 15:19:28 -0300},
}

@INPROCEEDINGS{Gheyi:2006aa,
  author = {Rohit Gheyi and Tiago Massoni and Paulo Borba},
  title = {A Theory for Feature Models in Alloy},
  booktitle = {First Alloy Workshop},
  year = {2006},
  pages = {71-80},
  address = {Portland, United States},
  month = {nov},
  date-modified = {2008-05-13 09:44:45 -0300}
}

@BOOK{Greenfield:2003aa,
  title = {Software factories: assembling applications with patterns, models,
	frameworks and tools},
  publisher = {ACM Press New York, NY, USA},
  year = {2003},
  author = {Greenfield, J. and Short, K.},
  date-added = {2008-06-05 10:20:24 -0300},
  date-modified = {2008-06-13 08:59:29 -0300},
  keywords = {software factories}
}

@CONFERENCE{Greenfield:2003ab,
  author = {Jack Greenfield and Keith Short},
  title = {Software Factories - Assembling Applications with Patterns, Models,
	Frameworks and Tools},
  booktitle = {OOPSLA' 2003},
  year = {2003},
  bdsk-file-1 = {YnBsaXN0MDDUAQIDBAUGBwpZJGFyY2hpdmVyWCR2ZXJzaW9uVCR0b3BYJG9iamVjdHNfEA9OU0tleWVkQXJjaGl2ZXISAAGGoNEICVRyb290gAGoCwwXGBkaHiVVJG51bGzTDQ4PEBMWWk5TLm9iamVjdHNXTlMua2V5c1YkY2xhc3OiERKABIAFohQVgAKAA4AHXHJlbGF0aXZlUGF0aFlhbGlhc0RhdGFfECcuLi8uLi8uLi8uLi9CaWJEZXNrL0dyZWVuZmllbGQvMjAwMy5wZGbSGw8cHVdOUy5kYXRhTxEBpAAAAAABpAACAAAMTWFjaW50b3NoIEhEAAAAAAAAAAAAAAAAAAAAwlhuBUgrAAAAQJEeCDIwMDMucGRmAAAAAAAAAAAAAAAAAAAAAAAAAAAAAAAAAAAAAAAAAAAAAAAAAAAAAAAAAAAAAAAAAAAAAAAAAAAwEXbEhSj5UERGIHBydncABAADAAAJIAAAAAAAAAAAAAAAAAAAAApHcmVlbmZpZWxkABAACAAAwliYNQAAABEACAAAxIVTKQAAAAEAGABAkR4ALhzmACplAwAVMlgAEIYRAABwQgACAEZNYWNpbnRvc2ggSEQ6VXNlcnM6cmJvbmlmYWNpbzpQcm9qZWN0czpwaGQ6QmliRGVzazpHcmVlbmZpZWxkOjIwMDMucGRmAA4AEgAIADIAMAAwADMALgBwAGQAZgAPABoADABNAGEAYwBpAG4AdABvAHMAaAAgAEgARAASADlVc2Vycy9yYm9uaWZhY2lvL1Byb2plY3RzL3BoZC9CaWJEZXNrL0dyZWVuZmllbGQvMjAwMy5wZGYAABMAAS8AABUAAgAR//8AAIAG0h8gISJYJGNsYXNzZXNaJGNsYXNzbmFtZaMiIyRdTlNNdXRhYmxlRGF0YVZOU0RhdGFYTlNPYmplY3TSHyAmJ6InJFxOU0RpY3Rpb25hcnkACAARABsAJAApADIARABJAEwAUQBTAFwAYgBpAHQAfACDAIYAiACKAI0AjwCRAJMAoACqANQA2QDhAokCiwKQApkCpAKoArYCvQLGAssCzgAAAAAAAAIBAAAAAAAAACgAAAAAAAAAAAAAAAAAAALb},
  date-added = {2008-07-29 06:54:21 -0300},
  date-modified = {2008-07-29 06:56:25 -0300},
  keywords = {spl, generative programming, software factories}
}

@ARTICLE{Greenwood:2007aa,
  author = {Greenwood, P. and others},
  title = {On the Impact of Aspectual Decompositions on Design Stability: An
	Empirical Study},
  journal = {ECOOP' 2007},
  year = {2007},
  date-added = {2008-06-14 09:18:22 -0300},
  date-modified = {2008-06-14 09:18:37 -0300},
  month={July}
}

@INPROCEEDINGS{Griss:1998aa,
  author = {M. L. Griss and J. Favaro and M. d' Alessandro},
  title = {Integrating Feature Modeling with the {RSEB}},
  booktitle = {ICSR' 98},
  year = {1998},
  pages = {76},
  address = {Washington, DC, USA},
  bdsk-url-1 = {http://portal.acm.org/ft_gateway.cfm?id=853486&type=external&coll=Portal&dl=GUIDE&CFID=67849232&CFTOKEN=36596375},
  date-added = {2008-06-14 08:49:16 -0300},
  date-modified = {2008-08-20 11:43:40 -0300},
  isbn = {0-8186-8377-5},
  keywords = {spl, requirements, feature models},
  url = {http://portal.acm.org/ft_gateway.cfm?id=853486&type=external&coll=Portal&dl=GUIDE&CFID=67849232&CFTOKEN=36596375}
}

@INPROCEEDINGS{Groher:2008aa,
  author = {Iris Groher and Markus Voelter},
  title = {Using Aspects to Model Product Line Variability},
  booktitle = {Early Aspects Workshop at SPLC},
  year = {2008},
  bdsk-file-1 = {YnBsaXN0MDDUAQIDBAUGBwpZJGFyY2hpdmVyWCR2ZXJzaW9uVCR0b3BYJG9iamVjdHNfEA9OU0tleWVkQXJjaGl2ZXISAAGGoNEICVRyb290gAGoCwwXGBkaHiVVJG51bGzTDQ4PEBMWWk5TLm9iamVjdHNXTlMua2V5c1YkY2xhc3OiERKABIAFohQVgAKAA4AHXHJlbGF0aXZlUGF0aFlhbGlhc0RhdGFfECMuLi8uLi8uLi8uLi9CaWJEZXNrL0dyb2hlci8yMDA4LnBkZtIbDxwdV05TLmRhdGFPEQGYAAAAAAGYAAIAAAxNYWNpbnRvc2ggSEQAAAAAAAAAAAAAAAAAAADCWG4FSCsAAABCHQUIMjAwOC5wZGYAAAAAAAAAAAAAAAAAAAAAAAAAAAAAAAAAAAAAAAAAAAAAAAAAAAAAAAAAAAAAAAAAAAAAAAAAAEHqTsTZZSNQREYgAAAAAAAEAAMAAAkgAAAAAAAAAAAAAAAAAAAABkdyb2hlcgAQAAgAAMJYmDUAAAARAAgAAMTZj1MAAAABABgAQh0FAC4c5gAqZQMAFTJYABCGEQAAcEIAAgBCTWFjaW50b3NoIEhEOlVzZXJzOnJib25pZmFjaW86UHJvamVjdHM6cGhkOkJpYkRlc2s6R3JvaGVyOjIwMDgucGRmAA4AEgAIADIAMAAwADgALgBwAGQAZgAPABoADABNAGEAYwBpAG4AdABvAHMAaAAgAEgARAASADVVc2Vycy9yYm9uaWZhY2lvL1Byb2plY3RzL3BoZC9CaWJEZXNrL0dyb2hlci8yMDA4LnBkZgAAEwABLwAAFQACABH//wAAgAbSHyAhIlgkY2xhc3Nlc1okY2xhc3NuYW1loyIjJF1OU011dGFibGVEYXRhVk5TRGF0YVhOU09iamVjdNIfICYnoickXE5TRGljdGlvbmFyeQAIABEAGwAkACkAMgBEAEkATABRAFMAXABiAGkAdAB8AIMAhgCIAIoAjQCPAJEAkwCgAKoA0ADVAN0CeQJ7AoACiQKUApgCpgKtArYCuwK+AAAAAAAAAgEAAAAAAAAAKAAAAAAAAAAAAAAAAAAAAss=},
  date-added = {2008-08-30 11:07:02 -0300},
  date-modified = {2008-08-30 11:07:35 -0300},
  keywords = {early aspects}
}

@INPROCEEDINGS{Hall:2005aa,
  author = {Robert J. Hall},
  title = {Fundamental Nonmodularity in Electronic Mail},
  booktitle = {Automated Software Engineering},
  year = {2005},
  bdsk-file-1 = {YnBsaXN0MDDUAQIDBAUGBwpZJGFyY2hpdmVyWCR2ZXJzaW9uVCR0b3BYJG9iamVjdHNfEA9OU0tleWVkQXJjaGl2ZXISAAGGoNEICVRyb290gAGoCwwXGBkaHiVVJG51bGzTDQ4PEBMWWk5TLm9iamVjdHNXTlMua2V5c1YkY2xhc3OiERKABIAFohQVgAKAA4AHXHJlbGF0aXZlUGF0aFlhbGlhc0RhdGFfECEuLi8uLi8uLi8uLi9CaWJEZXNrL0hhbGwvMjAwNS5wZGbSGw8cHVdOUy5kYXRhTxEBkgAAAAABkgACAAAMTWFjaW50b3NoIEhEAAAAAAAAAAAAAAAAAAAAwlhuBUgrAAAAQh2wCDIwMDUucGRmAAAAAAAAAAAAAAAAAAAAAAAAAAAAAAAAAAAAAAAAAAAAAAAAAAAAAAAAAAAAAAAAAAAAAAAAAABBga3E0eqdUERGIAAAAAAABAADAAAJIAAAAAAAAAAAAAAAAAAAAARIYWxsABAACAAAwliYNQAAABEACAAAxNIUzQAAAAEAGABCHbAALhzmACplAwAVMlgAEIYRAABwQgACAEBNYWNpbnRvc2ggSEQ6VXNlcnM6cmJvbmlmYWNpbzpQcm9qZWN0czpwaGQ6QmliRGVzazpIYWxsOjIwMDUucGRmAA4AEgAIADIAMAAwADUALgBwAGQAZgAPABoADABNAGEAYwBpAG4AdABvAHMAaAAgAEgARAASADNVc2Vycy9yYm9uaWZhY2lvL1Byb2plY3RzL3BoZC9CaWJEZXNrL0hhbGwvMjAwNS5wZGYAABMAAS8AABUAAgAR//8AAIAG0h8gISJYJGNsYXNzZXNaJGNsYXNzbmFtZaMiIyRdTlNNdXRhYmxlRGF0YVZOU0RhdGFYTlNPYmplY3TSHyAmJ6InJFxOU0RpY3Rpb25hcnkACAARABsAJAApADIARABJAEwAUQBTAFwAYgBpAHQAfACDAIYAiACKAI0AjwCRAJMAoACqAM4A0wDbAnECcwJ4AoECjAKQAp4CpQKuArMCtgAAAAAAAAIBAAAAAAAAACgAAAAAAAAAAAAAAAAAAALD},
  date-added = {2008-08-30 11:16:39 -0300},
  date-modified = {2008-08-30 11:18:11 -0300},
  keywords = {feature interactions},
  rating = {5}
}

@ARTICLE{Itkonen:2007aa,
  author = {Juha Itkonen and Mika V. Mantyla and Casper Lassenius},
  title = {Defect Detection Efficiency: Test Case Based vs. Exploratory Testing},
  journal = {First International Symposium on Empirical Software Engineering and
	Measurement (ESEM) },
  year = {2007},
  volume = {0},
  pages = {61-70},
  address = {Los Alamitos, CA, USA},
  bdsk-file-1 = {YnBsaXN0MDDUAQIDBAUGBwpZJGFyY2hpdmVyWCR2ZXJzaW9uVCR0b3BYJG9iamVjdHNfEA9OU0tleWVkQXJjaGl2ZXISAAGGoNEICVRyb290gAGoCwwXGBkaHiVVJG51bGzTDQ4PEBMWWk5TLm9iamVjdHNXTlMua2V5c1YkY2xhc3OiERKABIAFohQVgAKAA4AHXHJlbGF0aXZlUGF0aFlhbGlhc0RhdGFfECQuLi8uLi8uLi8uLi9CaWJEZXNrL0l0a29uZW4vMjAwNy5wZGbSGw8cHVdOUy5kYXRhTxEBnAAAAAABnAACAAAMTWFjaW50b3NoIEhEAAAAAAAAAAAAAAAAAAAAwlhuBUgrAAAAP2sWCDIwMDcucGRmAAAAAAAAAAAAAAAAAAAAAAAAAAAAAAAAAAAAAAAAAAAAAAAAAAAAAAAAAAAAAAAAAAAAAAAAAAA/awjEqmz3AAAAAAAAAAAABAADAAAJIAAAAAAAAAAAAAAAAAAAAAdJdGtvbmVuAAAQAAgAAMJYmDUAAAARAAgAAMSqlycAAAABABgAP2sWAC4c5gAqZQMAFTJYABCGEQAAcEIAAgBDTWFjaW50b3NoIEhEOlVzZXJzOnJib25pZmFjaW86UHJvamVjdHM6cGhkOkJpYkRlc2s6SXRrb25lbjoyMDA3LnBkZgAADgASAAgAMgAwADAANwAuAHAAZABmAA8AGgAMAE0AYQBjAGkAbgB0AG8AcwBoACAASABEABIANlVzZXJzL3Jib25pZmFjaW8vUHJvamVjdHMvcGhkL0JpYkRlc2svSXRrb25lbi8yMDA3LnBkZgATAAEvAAAVAAIAEf//AACABtIfICEiWCRjbGFzc2VzWiRjbGFzc25hbWWjIiMkXU5TTXV0YWJsZURhdGFWTlNEYXRhWE5TT2JqZWN00h8gJieiJyRcTlNEaWN0aW9uYXJ5AAgAEQAbACQAKQAyAEQASQBMAFEAUwBcAGIAaQB0AHwAgwCGAIgAigCNAI8AkQCTAKAAqgDRANYA3gJ+AoAChQKOApkCnQKrArICuwLAAsMAAAAAAAACAQAAAAAAAAAoAAAAAAAAAAAAAAAAAAAC0A==},
  bdsk-url-1 = {http://doi.ieeecomputersociety.org/10.1109/ESEM.2007.38},
  date-added = {2008-07-21 16:42:57 -0300},
  date-modified = {2008-07-21 16:43:44 -0300},
  doi = {http://doi.ieeecomputersociety.org/10.1109/ESEM.2007.38},
  issn = {1938-6451},
  keywords = {experiments},
  local-url = {file://localhost/Users/rbonifacio/Projects/phd/BibDesk/Itkonen/2007.pdf},
  publisher = {IEEE Computer Society}
}

@ARTICLE{Jaccheri:2019aa,
  author = {Jaccheri, L. and Osterlie, T.},
  title = {Can We Teach Empirical Software Engineering?},
  journal = {Software Metrics, 2005. 11th IEEE International Symposium},
  year = {19-22 Sept. 2005},
  pages = { 25-25},
  bdsk-file-1 = {YnBsaXN0MDDUAQIDBAUGBwpZJGFyY2hpdmVyWCR2ZXJzaW9uVCR0b3BYJG9iamVjdHNfEA9OU0tleWVkQXJjaGl2ZXISAAGGoNEICVRyb290gAGoCwwXGBkaHiVVJG51bGzTDQ4PEBMWWk5TLm9iamVjdHNXTlMua2V5c1YkY2xhc3OiERKABIAFohQVgAKAA4AHXHJlbGF0aXZlUGF0aFlhbGlhc0RhdGFfECUuLi8uLi8uLi8uLi9CaWJEZXNrL0phY2NoZXJpLzIwMTkucGRm0hsPHB1XTlMuZGF0YU8RAZ4AAAAAAZ4AAgAADE1hY2ludG9zaCBIRAAAAAAAAAAAAAAAAAAAAMJYbgVIKwAAAC4+cggyMDE5LnBkZgAAAAAAAAAAAAAAAAAAAAAAAAAAAAAAAAAAAAAAAAAAAAAAAAAAAAAAAAAAAAAAAAAAAAAAAAAALj5qxE+OJ1BERiBwcnZ3AAQAAwAACSAAAAAAAAAAAAAAAAAAAAAISmFjY2hlcmkAEAAIAADCWJg1AAAAEQAIAADET7hXAAAAAQAYAC4+cgAuHOYAKmUDABUyWAAQhhEAAHBCAAIARE1hY2ludG9zaCBIRDpVc2VyczpyYm9uaWZhY2lvOlByb2plY3RzOnBoZDpCaWJEZXNrOkphY2NoZXJpOjIwMTkucGRmAA4AEgAIADIAMAAxADkALgBwAGQAZgAPABoADABNAGEAYwBpAG4AdABvAHMAaAAgAEgARAASADdVc2Vycy9yYm9uaWZhY2lvL1Byb2plY3RzL3BoZC9CaWJEZXNrL0phY2NoZXJpLzIwMTkucGRmAAATAAEvAAAVAAIAEf//AACABtIfICEiWCRjbGFzc2VzWiRjbGFzc25hbWWjIiMkXU5TTXV0YWJsZURhdGFWTlNEYXRhWE5TT2JqZWN00h8gJieiJyRcTlNEaWN0aW9uYXJ5AAgAEQAbACQAKQAyAEQASQBMAFEAUwBcAGIAaQB0AHwAgwCGAIgAigCNAI8AkQCTAKAAqgDSANcA3wKBAoMCiAKRApwCoAKuArUCvgLDAsYAAAAAAAACAQAAAAAAAAAoAAAAAAAAAAAAAAAAAAAC0w==},
  bdsk-url-1 = {http://dx.doi.org/10.1109/METRICS.2005.16},
  date-added = {2008-08-20 11:35:14 -0300},
  date-modified = {2008-08-20 11:35:14 -0300},
  doi = {10.1109/METRICS.2005.16},
  issn = {1530-1435 },
  keywords = {empirical software engineering}
}

@BOOK{Jacobson:1997aa,
  title = {Software reuse: architecture, process and organization for business
	success},
  publisher = {Addison-Wesley Publishing Co.},
  year = {1997},
  author = {Jacobson, I. and Griss, M. and Jonsson, P.}
  }

@ARTICLE{Jedlitschka:2017aa,
  author = {Jedlitschka, A. and Pfahl, D.},
  title = {Reporting guidelines for controlled experiments in software engineering},
  journal = {Empirical Software Engineering, 2005. 2005 International Symposium
	on},
  year = {17-18 Nov. 2005},
  pages = { 10 pp.-},
  bdsk-file-1 = {YnBsaXN0MDDUAQIDBAUGBwpZJGFyY2hpdmVyWCR2ZXJzaW9uVCR0b3BYJG9iamVjdHNfEA9OU0tleWVkQXJjaGl2ZXISAAGGoNEICVRyb290gAGoCwwXGBkaHiVVJG51bGzTDQ4PEBMWWk5TLm9iamVjdHNXTlMua2V5c1YkY2xhc3OiERKABIAFohQVgAKAA4AHXHJlbGF0aXZlUGF0aFlhbGlhc0RhdGFfECguLi8uLi8uLi8uLi9CaWJEZXNrL0plZGxpdHNjaGthLzIwMTcucGRm0hsPHB1XTlMuZGF0YU8RAagAAAAAAagAAgAADE1hY2ludG9zaCBIRAAAAAAAAAAAAAAAAAAAAMJYbgVIKwAAAC4+wQgyMDE3LnBkZgAAAAAAAAAAAAAAAAAAAAAAAAAAAAAAAAAAAAAAAAAAAAAAAAAAAAAAAAAAAAAAAAAAAAAAAAAALj6DxE+OilBERiBwcnZ3AAQAAwAACSAAAAAAAAAAAAAAAAAAAAALSmVkbGl0c2Noa2EAABAACAAAwliYNQAAABEACAAAxE+4ugAAAAEAGAAuPsEALhzmACplAwAVMlgAEIYRAABwQgACAEdNYWNpbnRvc2ggSEQ6VXNlcnM6cmJvbmlmYWNpbzpQcm9qZWN0czpwaGQ6QmliRGVzazpKZWRsaXRzY2hrYToyMDE3LnBkZgAADgASAAgAMgAwADEANwAuAHAAZABmAA8AGgAMAE0AYQBjAGkAbgB0AG8AcwBoACAASABEABIAOlVzZXJzL3Jib25pZmFjaW8vUHJvamVjdHMvcGhkL0JpYkRlc2svSmVkbGl0c2Noa2EvMjAxNy5wZGYAEwABLwAAFQACABH//wAAgAbSHyAhIlgkY2xhc3Nlc1okY2xhc3NuYW1loyIjJF1OU011dGFibGVEYXRhVk5TRGF0YVhOU09iamVjdNIfICYnoickXE5TRGljdGlvbmFyeQAIABEAGwAkACkAMgBEAEkATABRAFMAXABiAGkAdAB8AIMAhgCIAIoAjQCPAJEAkwCgAKoA1QDaAOICjgKQApUCngKpAq0CuwLCAssC0ALTAAAAAAAAAgEAAAAAAAAAKAAAAAAAAAAAAAAAAAAAAuA=},
  bdsk-url-1 = {http://dx.doi.org/10.1109/ISESE.2005.1541818},
  date-added = {2008-08-20 11:35:14 -0300},
  date-modified = {2008-08-30 11:20:09 -0300},
  doi = {10.1109/ISESE.2005.1541818},
  keywords = {empirical software engineering}
}

@ARTICLE{Jedlitschka:2005aa,
  author = {A. Jedlitschka and D. Pfahl},
  title = {Reporting guidelines for controlled experiments in software engineering},
  journal = {International Symposium on Empirical Software Engineering},
  year = {2005},
  volume = {0},
  pages = {10 pp.},
  address = {Los Alamitos, CA, USA},
  bdsk-file-1 = {YnBsaXN0MDDUAQIDBAUGBwpZJGFyY2hpdmVyWCR2ZXJzaW9uVCR0b3BYJG9iamVjdHNfEA9OU0tleWVkQXJjaGl2ZXISAAGGoNEICVRyb290gAGoCwwXGBkaHiVVJG51bGzTDQ4PEBMWWk5TLm9iamVjdHNXTlMua2V5c1YkY2xhc3OiERKABIAFohQVgAKAA4AHXHJlbGF0aXZlUGF0aFlhbGlhc0RhdGFfECguLi8uLi8uLi8uLi9CaWJEZXNrL0plZGxpdHNjaGthLzIwMDUucGRm0hsPHB1XTlMuZGF0YU8RAagAAAAAAagAAgAADE1hY2ludG9zaCBIRAAAAAAAAAAAAAAAAAAAAMJYbgVIKwAAAC4+wQgyMDA1LnBkZgAAAAAAAAAAAAAAAAAAAAAAAAAAAAAAAAAAAAAAAAAAAAAAAAAAAAAAAAAAAAAAAAAAAAAAAAAAP3A3xKp1EgAAAAAAAAAAAAQAAwAACSAAAAAAAAAAAAAAAAAAAAALSmVkbGl0c2Noa2EAABAACAAAwliYNQAAABEACAAAxKqfQgAAAAEAGAAuPsEALhzmACplAwAVMlgAEIYRAABwQgACAEdNYWNpbnRvc2ggSEQ6VXNlcnM6cmJvbmlmYWNpbzpQcm9qZWN0czpwaGQ6QmliRGVzazpKZWRsaXRzY2hrYToyMDA1LnBkZgAADgASAAgAMgAwADAANQAuAHAAZABmAA8AGgAMAE0AYQBjAGkAbgB0AG8AcwBoACAASABEABIAOlVzZXJzL3Jib25pZmFjaW8vUHJvamVjdHMvcGhkL0JpYkRlc2svSmVkbGl0c2Noa2EvMjAwNS5wZGYAEwABLwAAFQACABH//wAAgAbSHyAhIlgkY2xhc3Nlc1okY2xhc3NuYW1loyIjJF1OU011dGFibGVEYXRhVk5TRGF0YVhOU09iamVjdNIfICYnoickXE5TRGljdGlvbmFyeQAIABEAGwAkACkAMgBEAEkATABRAFMAXABiAGkAdAB8AIMAhgCIAIoAjQCPAJEAkwCgAKoA1QDaAOICjgKQApUCngKpAq0CuwLCAssC0ALTAAAAAAAAAgEAAAAAAAAAKAAAAAAAAAAAAAAAAAAAAuA=},
  bdsk-url-1 = {http://doi.ieeecomputersociety.org/10.1109/ISESE.2005.1541818},
  date-added = {2008-07-21 17:16:45 -0300},
  date-modified = {2008-07-21 17:18:28 -0300},
  doi = {http://doi.ieeecomputersociety.org/10.1109/ISESE.2005.1541818},
  isbn = {0-7803-9507-7},
  keywords = {experiments},
  publisher = {IEEE Computer Society}
}

@CONFERENCE{John:2006aa,
  author = {Isabel John and Len Bass and Giuseppe Lami},
  title = {Software Product Line Doctoral Symposium},
  booktitle = {Doctoral Symposium, in Conjunction with 10th Software Product Line
	Conference},
  year = {2006},
  bdsk-file-1 = {YnBsaXN0MDDUAQIDBAUGBwpZJGFyY2hpdmVyWCR2ZXJzaW9uVCR0b3BYJG9iamVjdHNfEA9OU0tleWVkQXJjaGl2ZXISAAGGoNEICVRyb290gAGoCwwXGBkaHiVVJG51bGzTDQ4PEBMWWk5TLm9iamVjdHNXTlMua2V5c1YkY2xhc3OiERKABIAFohQVgAKAA4AHXHJlbGF0aXZlUGF0aFlhbGlhc0RhdGFfECEuLi8uLi8uLi8uLi9CaWJEZXNrL0pvaG4vMjAwNi5wZGbSGw8cHVdOUy5kYXRhTxEBkgAAAAABkgACAAAMTWFjaW50b3NoIEhEAAAAAAAAAAAAAAAAAAAAwlhuBUgrAAAAQJDaCDIwMDYucGRmAAAAAAAAAAAAAAAAAAAAAAAAAAAAAAAAAAAAAAAAAAAAAAAAAAAAAAAAAAAAAAAAAAAAAAAAAAAv507EecTFUERGIHBydncABAADAAAJIAAAAAAAAAAAAAAAAAAAAARKb2huABAACAAAwliYNQAAABEACAAAxHnu9QAAAAEAGABAkNoALhzmACplAwAVMlgAEIYRAABwQgACAEBNYWNpbnRvc2ggSEQ6VXNlcnM6cmJvbmlmYWNpbzpQcm9qZWN0czpwaGQ6QmliRGVzazpKb2huOjIwMDYucGRmAA4AEgAIADIAMAAwADYALgBwAGQAZgAPABoADABNAGEAYwBpAG4AdABvAHMAaAAgAEgARAASADNVc2Vycy9yYm9uaWZhY2lvL1Byb2plY3RzL3BoZC9CaWJEZXNrL0pvaG4vMjAwNi5wZGYAABMAAS8AABUAAgAR//8AAIAG0h8gISJYJGNsYXNzZXNaJGNsYXNzbmFtZaMiIyRdTlNNdXRhYmxlRGF0YVZOU0RhdGFYTlNPYmplY3TSHyAmJ6InJFxOU0RpY3Rpb25hcnkACAARABsAJAApADIARABJAEwAUQBTAFwAYgBpAHQAfACDAIYAiACKAI0AjwCRAJMAoACqAM4A0wDbAnECcwJ4AoECjAKQAp4CpQKuArMCtgAAAAAAAAIBAAAAAAAAACgAAAAAAAAAAAAAAAAAAALD},
  date-added = {2008-07-29 06:48:53 -0300},
  date-modified = {2008-07-29 06:54:16 -0300},
  keywords = {spl, doctoral symposium}
}

@TECHREPORT{Jones:2002aa,
  author = {Simon Peyton Jones},
  title = {The Haskell 98 Report (Revised)},
  institution = {Cambridge University Press},
  year = {2002},
  bdsk-file-1 = {YnBsaXN0MDDUAQIDBAUGBwpZJGFyY2hpdmVyWCR2ZXJzaW9uVCR0b3BYJG9iamVjdHNfEA9OU0tleWVkQXJjaGl2ZXISAAGGoNEICVRyb290gAGoCwwXGBkaHiVVJG51bGzTDQ4PEBMWWk5TLm9iamVjdHNXTlMua2V5c1YkY2xhc3OiERKABIAFohQVgAKAA4AHXHJlbGF0aXZlUGF0aFlhbGlhc0RhdGFfECIuLi8uLi8uLi8uLi9CaWJEZXNrL0pvbmVzLzIwMDIucGRm0hsPHB1XTlMuZGF0YU8RAZYAAAAAAZYAAgAADE1hY2ludG9zaCBIRAAAAAAAAAAAAAAAAAAAAMJYbgVIKwAAAER5GggyMDAyLnBkZgAAAAAAAAAAAAAAAAAAAAAAAAAAAAAAAAAAAAAAAAAAAAAAAAAAAAAAAAAAAAAAAAAAAAAAAAAARHkSxPpu0wAAAAAAAAAAAAQAAwAACSAAAAAAAAAAAAAAAAAAAAAFSm9uZXMAABAACAAAwliYNQAAABEACAAAxPqZAwAAAAEAGABEeRoALhzmACplAwAVMlgAEIYRAABwQgACAEFNYWNpbnRvc2ggSEQ6VXNlcnM6cmJvbmlmYWNpbzpQcm9qZWN0czpwaGQ6QmliRGVzazpKb25lczoyMDAyLnBkZgAADgASAAgAMgAwADAAMgAuAHAAZABmAA8AGgAMAE0AYQBjAGkAbgB0AG8AcwBoACAASABEABIANFVzZXJzL3Jib25pZmFjaW8vUHJvamVjdHMvcGhkL0JpYkRlc2svSm9uZXMvMjAwMi5wZGYAEwABLwAAFQACABH//wAAgAbSHyAhIlgkY2xhc3Nlc1okY2xhc3NuYW1loyIjJF1OU011dGFibGVEYXRhVk5TRGF0YVhOU09iamVjdNIfICYnoickXE5TRGljdGlvbmFyeQAIABEAGwAkACkAMgBEAEkATABRAFMAXABiAGkAdAB8AIMAhgCIAIoAjQCPAJEAkwCgAKoAzwDUANwCdgJ4An0ChgKRApUCowKqArMCuAK7AAAAAAAAAgEAAAAAAAAAKAAAAAAAAAAAAAAAAAAAAsg=},
  date-added = {2008-09-20 09:08:50 -0300},
  date-modified = {2008-09-20 09:12:34 -0300},
  keywords = {haskell}
}

@INPROCEEDINGS{Kastner:2008aa,
  author = {Christian K\"{a}stner and Sven Apel and Martin Kuhlemann},
  title = {Granularity in software product lines},
  booktitle = {ICSE' 2008},
  year = {2008},
  pages = {311--320},
  address = {Leipzig, Germany},
  bdsk-file-1 = {YnBsaXN0MDDUAQIDBAUGBwpZJGFyY2hpdmVyWCR2ZXJzaW9uVCR0b3BYJG9iamVjdHNfEA9OU0tleWVkQXJjaGl2ZXISAAGGoNEICVRyb290gAGoCwwXGBkaHiVVJG51bGzTDQ4PEBMWWk5TLm9iamVjdHNXTlMua2V5c1YkY2xhc3OiERKABIAFohQVgAKAA4AHXHJlbGF0aXZlUGF0aFlhbGlhc0RhdGFfECQuLi8uLi8uLi8uLi9CaWJEZXNrL0thc3RuZXIvMjAwOC5wZGbSGw8cHVdOUy5kYXRhTxEBnAAAAAABnAACAAAMTWFjaW50b3NoIEhEAAAAAAAAAAAAAAAAAAAAwlhuBUgrAAAAQXnwCDIwMDgucGRmAAAAAAAAAAAAAAAAAAAAAAAAAAAAAAAAAAAAAAAAAAAAAAAAAAAAAAAAAAAAAAAAAAAAAAAAAABBedvE0aaFAAAAAAAAAAAABAADAAAJIAAAAAAAAAAAAAAAAAAAAAdLYXN0bmVyAAAQAAgAAMJYmDUAAAARAAgAAMTR0LUAAAABABgAQXnwAC4c5gAqZQMAFTJYABCGEQAAcEIAAgBDTWFjaW50b3NoIEhEOlVzZXJzOnJib25pZmFjaW86UHJvamVjdHM6cGhkOkJpYkRlc2s6S2FzdG5lcjoyMDA4LnBkZgAADgASAAgAMgAwADAAOAAuAHAAZABmAA8AGgAMAE0AYQBjAGkAbgB0AG8AcwBoACAASABEABIANlVzZXJzL3Jib25pZmFjaW8vUHJvamVjdHMvcGhkL0JpYkRlc2svS2FzdG5lci8yMDA4LnBkZgATAAEvAAAVAAIAEf//AACABtIfICEiWCRjbGFzc2VzWiRjbGFzc25hbWWjIiMkXU5TTXV0YWJsZURhdGFWTlNEYXRhWE5TT2JqZWN00h8gJieiJyRcTlNEaWN0aW9uYXJ5AAgAEQAbACQAKQAyAEQASQBMAFEAUwBcAGIAaQB0AHwAgwCGAIgAigCNAI8AkQCTAKAAqgDRANYA3gJ+AoAChQKOApkCnQKrArICuwLAAsMAAAAAAAACAQAAAAAAAAAoAAAAAAAAAAAAAAAAAAAC0A==},
  bdsk-url-1 = {http://doi.acm.org/10.1145/1368088.1368131},
  bdsk-url-2 = {http://portal.acm.org/ft_gateway.cfm?id=1368131&type=pdf&coll=Portal&dl=GUIDE&CFID=31558&CFTOKEN=11076125},
  date-added = {2008-08-20 10:45:26 -0300},
  date-modified = {2008-08-20 11:43:25 -0300},
  doi = {http://doi.acm.org/10.1145/1368088.1368131},
  isbn = {978-1-60558-079-1},
  keywords = {spl, aop, conditional compilation},
  location = {Leipzig, Germany},
  url = {http://portal.acm.org/ft_gateway.cfm?id=1368131&type=pdf&coll=Portal&dl=GUIDE&CFID=31558&CFTOKEN=11076125}
}

@ARTICLE{Kahsai:2008aa,
  author = {Temesghen Kahsai and Markus Roggenbach and Bernd-Holger Schlingloff},
  title = {Specification-based Testing for Software Product Lines},
  journal = {SEFM},
  year = {2008},
  bdsk-file-1 = {YnBsaXN0MDDUAQIDBAUGBwpZJGFyY2hpdmVyWCR2ZXJzaW9uVCR0b3BYJG9iamVjdHNfEA9OU0tleWVkQXJjaGl2ZXISAAGGoNEICVRyb290gAGoCwwXGBkaHiVVJG51bGzTDQ4PEBMWWk5TLm9iamVjdHNXTlMua2V5c1YkY2xhc3OiERKABIAFohQVgAKAA4AHXHJlbGF0aXZlUGF0aFlhbGlhc0RhdGFfECMuLi8uLi8uLi8uLi9CaWJEZXNrL0thaHNhaS8yMDA4LnBkZtIbDxwdV05TLmRhdGFPEQGYAAAAAAGYAAIAAAxNYWNpbnRvc2ggSEQAAAAAAAAAAAAAAAAAAADCWG4FSCsAAAA95sYIMjAwOC5wZGYAAAAAAAAAAAAAAAAAAAAAAAAAAAAAAAAAAAAAAAAAAAAAAAAAAAAAAAAAAAAAAAAAAAAAAAAAAC/UtcR2nyNQREYgcHJ2dwAEAAMAAAkgAAAAAAAAAAAAAAAAAAAABkthaHNhaQAQAAgAAMJYmDUAAAARAAgAAMR2yVMAAAABABgAPebGAC4c5gAqZQMAFTJYABCGEQAAcEIAAgBCTWFjaW50b3NoIEhEOlVzZXJzOnJib25pZmFjaW86UHJvamVjdHM6cGhkOkJpYkRlc2s6S2Foc2FpOjIwMDgucGRmAA4AEgAIADIAMAAwADgALgBwAGQAZgAPABoADABNAGEAYwBpAG4AdABvAHMAaAAgAEgARAASADVVc2Vycy9yYm9uaWZhY2lvL1Byb2plY3RzL3BoZC9CaWJEZXNrL0thaHNhaS8yMDA4LnBkZgAAEwABLwAAFQACABH//wAAgAbSHyAhIlgkY2xhc3Nlc1okY2xhc3NuYW1loyIjJF1OU011dGFibGVEYXRhVk5TRGF0YVhOU09iamVjdNIfICYnoickXE5TRGljdGlvbmFyeQAIABEAGwAkACkAMgBEAEkATABRAFMAXABiAGkAdAB8AIMAhgCIAIoAjQCPAJEAkwCgAKoA0ADVAN0CeQJ7AoACiQKUApgCpgKtArYCuwK+AAAAAAAAAgEAAAAAAAAAKAAAAAAAAAAAAAAAAAAAAss=},
  date-added = {2008-07-11 09:05:40 -0300},
  date-modified = {2008-08-20 11:14:09 -0300},
  keywords = {tests, spl, reviewed},
  local-url = {file://localhost/Users/rbonifacio/Projects/phd/BibDesk/Kahsai/2008.pdf}
}

@MANUAL{Knuth:1987aa,
  title = {Mathematical Writing},
  author = {Donald Knuth},
  organization = {Stanford University},
  year = {1987},
  bdsk-file-1 = {YnBsaXN0MDDUAQIDBAUGBwpZJGFyY2hpdmVyWCR2ZXJzaW9uVCR0b3BYJG9iamVjdHNfEA9OU0tleWVkQXJjaGl2ZXISAAGGoNEICVRyb290gAGoCwwXGBkaHiVVJG51bGzTDQ4PEBMWWk5TLm9iamVjdHNXTlMua2V5c1YkY2xhc3OiERKABIAFohQVgAKAA4AHXHJlbGF0aXZlUGF0aFlhbGlhc0RhdGFfECIuLi8uLi8uLi8uLi9CaWJEZXNrL0tudXRoLzE5ODcucGRm0hsPHB1XTlMuZGF0YU8RAZYAAAAAAZYAAgAADE1hY2ludG9zaCBIRAAAAAAAAAAAAAAAAAAAAMJYbgVIKwAAADAn3QgxOTg3LnBkZgAAAAAAAAAAAAAAAAAAAAAAAAAAAAAAAAAAAAAAAAAAAAAAAAAAAAAAAAAAAAAAAAAAAAAAAAAAL/ClxHsgg1BERiBwcnZ3AAQAAwAACSAAAAAAAAAAAAAAAAAAAAAFS251dGgAABAACAAAwliYNQAAABEACAAAxHtKswAAAAEAGAAwJ90ALhzmACplAwAVMlgAEIYRAABwQgACAEFNYWNpbnRvc2ggSEQ6VXNlcnM6cmJvbmlmYWNpbzpQcm9qZWN0czpwaGQ6QmliRGVzazpLbnV0aDoxOTg3LnBkZgAADgASAAgAMQA5ADgANwAuAHAAZABmAA8AGgAMAE0AYQBjAGkAbgB0AG8AcwBoACAASABEABIANFVzZXJzL3Jib25pZmFjaW8vUHJvamVjdHMvcGhkL0JpYkRlc2svS251dGgvMTk4Ny5wZGYAEwABLwAAFQACABH//wAAgAbSHyAhIlgkY2xhc3Nlc1okY2xhc3NuYW1loyIjJF1OU011dGFibGVEYXRhVk5TRGF0YVhOU09iamVjdNIfICYnoickXE5TRGljdGlvbmFyeQAIABEAGwAkACkAMgBEAEkATABRAFMAXABiAGkAdAB8AIMAhgCIAIoAjQCPAJEAkwCgAKoAzwDUANwCdgJ4An0ChgKRApUCowKqArMCuAK7AAAAAAAAAgEAAAAAAAAAKAAAAAAAAAAAAAAAAAAAAsg=},
  date-added = {2008-06-25 11:14:12 -0300},
  date-modified = {2008-06-25 11:16:31 -0300},
  keywords = {writing}
}

@BOOK{Krishnamurthi:2007aa,
  title = {Programming Languages: Application and Interpretation},
  publisher = {Brown University},
  year = {2007},
  author = {Shriram Krishnamurthi},
  bdsk-file-1 = {YnBsaXN0MDDUAQIDBAUGBwpZJGFyY2hpdmVyWCR2ZXJzaW9uVCR0b3BYJG9iamVjdHNfEA9OU0tleWVkQXJjaGl2ZXISAAGGoNEICVRyb290gAGoCwwXGBkaHiVVJG51bGzTDQ4PEBMWWk5TLm9iamVjdHNXTlMua2V5c1YkY2xhc3OiERKABIAFohQVgAKAA4AHXHJlbGF0aXZlUGF0aFlhbGlhc0RhdGFfECouLi8uLi8uLi8uLi9CaWJEZXNrL0tyaXNobmFtdXJ0aGkvMjAwNy5wZGbSGw8cHVdOUy5kYXRhTxEBrgAAAAABrgACAAAMTWFjaW50b3NoIEhEAAAAAAAAAAAAAAAAAAAAwlhuBUgrAAAAQXvgCDIwMDcucGRmAAAAAAAAAAAAAAAAAAAAAAAAAAAAAAAAAAAAAAAAAAAAAAAAAAAAAAAAAAAAAAAAAAAAAAAAAABA493EvRWfAAAAAAAAAAAABAADAAAJIAAAAAAAAAAAAAAAAAAAAA1LcmlzaG5hbXVydGhpAAAQAAgAAMJYmDUAAAARAAgAAMS9P88AAAABABgAQXvgAC4c5gAqZQMAFTJYABCGEQAAcEIAAgBJTWFjaW50b3NoIEhEOlVzZXJzOnJib25pZmFjaW86UHJvamVjdHM6cGhkOkJpYkRlc2s6S3Jpc2huYW11cnRoaToyMDA3LnBkZgAADgASAAgAMgAwADAANwAuAHAAZABmAA8AGgAMAE0AYQBjAGkAbgB0AG8AcwBoACAASABEABIAPFVzZXJzL3Jib25pZmFjaW8vUHJvamVjdHMvcGhkL0JpYkRlc2svS3Jpc2huYW11cnRoaS8yMDA3LnBkZgATAAEvAAAVAAIAEf//AACABtIfICEiWCRjbGFzc2VzWiRjbGFzc25hbWWjIiMkXU5TTXV0YWJsZURhdGFWTlNEYXRhWE5TT2JqZWN00h8gJieiJyRcTlNEaWN0aW9uYXJ5AAgAEQAbACQAKQAyAEQASQBMAFEAUwBcAGIAaQB0AHwAgwCGAIgAigCNAI8AkQCTAKAAqgDXANwA5AKWApgCnQKmArECtQLDAsoC0wLYAtsAAAAAAAACAQAAAAAAAAAoAAAAAAAAAAAAAAAAAAAC6A==},
  date-added = {2008-08-20 11:35:14 -0300},
  date-modified = {2008-08-20 11:35:14 -0300},
  keywords = {programming languages, course book}
}

@ARTICLE{Krueger:2006aa,
  author = {Charles W. Krueger},
  title = {New methods in software product line practice},
  journal = {Commun. ACM},
  year = {2006},
  volume = {49},
  pages = {37--40},
  number = {12},
  address = {New York, NY, USA},
  bdsk-file-1 = {YnBsaXN0MDDUAQIDBAUGBwpZJGFyY2hpdmVyWCR2ZXJzaW9uVCR0b3BYJG9iamVjdHNfEA9OU0tleWVkQXJjaGl2ZXISAAGGoNEICVRyb290gAGoCwwXGBkaHiVVJG51bGzTDQ4PEBMWWk5TLm9iamVjdHNXTlMua2V5c1YkY2xhc3OiERKABIAFohQVgAKAA4AHXHJlbGF0aXZlUGF0aFlhbGlhc0RhdGFfECQuLi8uLi8uLi8uLi9CaWJEZXNrL0tydWVnZXIvMjAwNi5wZGbSGw8cHVdOUy5kYXRhTxEBnAAAAAABnAACAAAMTWFjaW50b3NoIEhEAAAAAAAAAAAAAAAAAAAAwlhuBUgrAAAAQXsnCDIwMDYucGRmAAAAAAAAAAAAAAAAAAAAAAAAAAAAAAAAAAAAAAAAAAAAAAAAAAAAAAAAAAAAAAAAAAAAAAAAAABBex3E0auEAAAAAAAAAAAABAADAAAJIAAAAAAAAAAAAAAAAAAAAAdLcnVlZ2VyAAAQAAgAAMJYmDUAAAARAAgAAMTR1bQAAAABABgAQXsnAC4c5gAqZQMAFTJYABCGEQAAcEIAAgBDTWFjaW50b3NoIEhEOlVzZXJzOnJib25pZmFjaW86UHJvamVjdHM6cGhkOkJpYkRlc2s6S3J1ZWdlcjoyMDA2LnBkZgAADgASAAgAMgAwADAANgAuAHAAZABmAA8AGgAMAE0AYQBjAGkAbgB0AG8AcwBoACAASABEABIANlVzZXJzL3Jib25pZmFjaW8vUHJvamVjdHMvcGhkL0JpYkRlc2svS3J1ZWdlci8yMDA2LnBkZgATAAEvAAAVAAIAEf//AACABtIfICEiWCRjbGFzc2VzWiRjbGFzc25hbWWjIiMkXU5TTXV0YWJsZURhdGFWTlNEYXRhWE5TT2JqZWN00h8gJieiJyRcTlNEaWN0aW9uYXJ5AAgAEQAbACQAKQAyAEQASQBMAFEAUwBcAGIAaQB0AHwAgwCGAIgAigCNAI8AkQCTAKAAqgDRANYA3gJ+AoAChQKOApkCnQKrArICuwLAAsMAAAAAAAACAQAAAAAAAAAoAAAAAAAAAAAAAAAAAAAC0A==},
  bdsk-url-1 = {http://portal.acm.org/ft_gateway.cfm?id=1183262&type=html&coll=Portal&dl=GUIDE&CFID=31558&CFTOKEN=11076125},
  bdsk-url-2 = {http://doi.acm.org/10.1145/1183236.1183262},
  date-added = {2008-08-20 11:07:17 -0300},
  date-modified = {2008-08-20 11:08:05 -0300},
  doi = {http://doi.acm.org/10.1145/1183236.1183262},
  issn = {0001-0782},
  publisher = {ACM},
  url = {http://portal.acm.org/ft_gateway.cfm?id=1183262&type=html&coll=Portal&dl=GUIDE&CFID=31558&CFTOKEN=11076125}
}

@ARTICLE{Kumar:2008aa,
  author = {Avadhesh Kumar and Rajesh Kumar and P.S. Grover},
  title = {Towards a Unified Framework for Complexity Measurement in Aspect-Oriented
	Systems},
  journal = {SEFM},
  year = {2008},
  bdsk-file-1 = {YnBsaXN0MDDUAQIDBAUGBwpZJGFyY2hpdmVyWCR2ZXJzaW9uVCR0b3BYJG9iamVjdHNfEA9OU0tleWVkQXJjaGl2ZXISAAGGoNEICVRyb290gAGoCwwXGBkaHiVVJG51bGzTDQ4PEBMWWk5TLm9iamVjdHNXTlMua2V5c1YkY2xhc3OiERKABIAFohQVgAKAA4AHXHJlbGF0aXZlUGF0aFlhbGlhc0RhdGFfECIuLi8uLi8uLi8uLi9CaWJEZXNrL0t1bWFyLzIwMDgucGRm0hsPHB1XTlMuZGF0YU8RAZYAAAAAAZYAAgAADE1hY2ludG9zaCBIRAAAAAAAAAAAAAAAAAAAAMJYbgVIKwAAAD3mlQgyMDA4LnBkZgAAAAAAAAAAAAAAAAAAAAAAAAAAAAAAAAAAAAAAAAAAAAAAAAAAAAAAAAAAAAAAAAAAAAAAAAAAL9S/xHafOVBERiBwcnZ3AAQAAwAACSAAAAAAAAAAAAAAAAAAAAAFS3VtYXIAABAACAAAwliYNQAAABEACAAAxHbJaQAAAAEAGAA95pUALhzmACplAwAVMlgAEIYRAABwQgACAEFNYWNpbnRvc2ggSEQ6VXNlcnM6cmJvbmlmYWNpbzpQcm9qZWN0czpwaGQ6QmliRGVzazpLdW1hcjoyMDA4LnBkZgAADgASAAgAMgAwADAAOAAuAHAAZABmAA8AGgAMAE0AYQBjAGkAbgB0AG8AcwBoACAASABEABIANFVzZXJzL3Jib25pZmFjaW8vUHJvamVjdHMvcGhkL0JpYkRlc2svS3VtYXIvMjAwOC5wZGYAEwABLwAAFQACABH//wAAgAbSHyAhIlgkY2xhc3Nlc1okY2xhc3NuYW1loyIjJF1OU011dGFibGVEYXRhVk5TRGF0YVhOU09iamVjdNIfICYnoickXE5TRGljdGlvbmFyeQAIABEAGwAkACkAMgBEAEkATABRAFMAXABiAGkAdAB8AIMAhgCIAIoAjQCPAJEAkwCgAKoAzwDUANwCdgJ4An0ChgKRApUCowKqArMCuAK7AAAAAAAAAgEAAAAAAAAAKAAAAAAAAAAAAAAAAAAAAsg=},
  date-added = {2008-07-11 09:01:32 -0300},
  date-modified = {2008-07-11 09:04:54 -0300},
  keywords = {reviewed, aop, metrics},
  local-url = {file://localhost/Users/rbonifacio/Projects/phd/BibDesk/Kumar/2008.pdf}
}

@INPROCEEDINGS{Laguna:2007aa,
  author = {Miguel A. Laguna and Bruno Gonz\'{a}lez-Baixauli and Jos\'{e} M.
	Marqu\'{e}s},
  title = {Seamless development of software product lines},
  booktitle = {GPCE' 2007},
  year = {2007},
  pages = {85--94},
  address = {New York, NY, USA},
  bdsk-file-1 = {YnBsaXN0MDDUAQIDBAUGBwpZJGFyY2hpdmVyWCR2ZXJzaW9uVCR0b3BYJG9iamVjdHNfEA9OU0tleWVkQXJjaGl2ZXISAAGGoNEICVRyb290gAGoCwwXGBkaHiVVJG51bGzTDQ4PEBMWWk5TLm9iamVjdHNXTlMua2V5c1YkY2xhc3OiERKABIAFohQVgAKAA4AHXHJlbGF0aXZlUGF0aFlhbGlhc0RhdGFfECMuLi8uLi8uLi8uLi9CaWJEZXNrL0xhZ3VuYS8yMDA3LnBkZtIbDxwdV05TLmRhdGFPEQGYAAAAAAGYAAIAAAxNYWNpbnRvc2ggSEQAAAAAAAAAAAAAAAAAAADCWG4FSCsAAAAuIrIIMjAwNy5wZGYAAAAAAAAAAAAAAAAAAAAAAAAAAAAAAAAAAAAAAAAAAAAAAAAAAAAAAAAAAAAAAAAAAAAAAAAAAC4dK8RM9EJQREYgcHJ2dwAEAAMAAAkgAAAAAAAAAAAAAAAAAAAABkxhZ3VuYQAQAAgAAMJYmDUAAAARAAgAAMRNHnIAAAABABgALiKyAC4c5gAqZQMAFTJYABCGEQAAcEIAAgBCTWFjaW50b3NoIEhEOlVzZXJzOnJib25pZmFjaW86UHJvamVjdHM6cGhkOkJpYkRlc2s6TGFndW5hOjIwMDcucGRmAA4AEgAIADIAMAAwADcALgBwAGQAZgAPABoADABNAGEAYwBpAG4AdABvAHMAaAAgAEgARAASADVVc2Vycy9yYm9uaWZhY2lvL1Byb2plY3RzL3BoZC9CaWJEZXNrL0xhZ3VuYS8yMDA3LnBkZgAAEwABLwAAFQACABH//wAAgAbSHyAhIlgkY2xhc3Nlc1okY2xhc3NuYW1loyIjJF1OU011dGFibGVEYXRhVk5TRGF0YVhOU09iamVjdNIfICYnoickXE5TRGljdGlvbmFyeQAIABEAGwAkACkAMgBEAEkATABRAFMAXABiAGkAdAB8AIMAhgCIAIoAjQCPAJEAkwCgAKoA0ADVAN0CeQJ7AoACiQKUApgCpgKtArYCuwK+AAAAAAAAAgEAAAAAAAAAKAAAAAAAAAAAAAAAAAAAAss=},
  bdsk-url-1 = {http://portal.acm.org/ft_gateway.cfm?id=1289988&type=pdf&coll=GUIDE&dl=GUIDE&CFID=67575095&CFTOKEN=91493950},
  bdsk-url-2 = {http://doi.acm.org/10.1145/1289971.1289988},
  date-added = {2008-08-20 11:35:14 -0300},
  date-modified = {2008-08-20 11:35:14 -0300},
  doi = {http://doi.acm.org/10.1145/1289971.1289988},
  isbn = {978-1-59593-855-8},
  keywords = {gpce, spl, uml package merge},
  location = {Salzburg, Austria},
  url = {http://portal.acm.org/ft_gateway.cfm?id=1289988&type=pdf&coll=GUIDE&dl=GUIDE&CFID=67575095&CFTOKEN=91493950}
}

@ARTICLE{Lin:1998aa,
  author = {Fuchun Joseph Lin},
  title = {A Methodology for Feature Interaction},
  journal = {Transactions on Software Engineering},
  year = {1998},
  bdsk-file-1 = {YnBsaXN0MDDUAQIDBAUGBwpZJGFyY2hpdmVyWCR2ZXJzaW9uVCR0b3BYJG9iamVjdHNfEA9OU0tleWVkQXJjaGl2ZXISAAGGoNEICVRyb290gAGoCwwXGBkaHiVVJG51bGzTDQ4PEBMWWk5TLm9iamVjdHNXTlMua2V5c1YkY2xhc3OiERKABIAFohQVgAKAA4AHXHJlbGF0aXZlUGF0aFlhbGlhc0RhdGFfECAuLi8uLi8uLi8uLi9CaWJEZXNrL0xpbi8xOTk4LnBkZtIbDxwdV05TLmRhdGFPEQGQAAAAAAGQAAIAAAxNYWNpbnRvc2ggSEQAAAAAAAAAAAAAAAAAAADCWG4FSCsAAABBgDQIMTk5OC5wZGYAAAAAAAAAAAAAAAAAAAAAAAAAAAAAAAAAAAAAAAAAAAAAAAAAAAAAAAAAAAAAAAAAAAAAAAAAADADRsSAN6BQREYgcHJ2dwAEAAMAAAkgAAAAAAAAAAAAAAAAAAAAA0xpbgAAEAAIAADCWJg1AAAAEQAIAADEgGHQAAAAAQAYAEGANAAuHOYAKmUDABUyWAAQhhEAAHBCAAIAP01hY2ludG9zaCBIRDpVc2VyczpyYm9uaWZhY2lvOlByb2plY3RzOnBoZDpCaWJEZXNrOkxpbjoxOTk4LnBkZgAADgASAAgAMQA5ADkAOAAuAHAAZABmAA8AGgAMAE0AYQBjAGkAbgB0AG8AcwBoACAASABEABIAMlVzZXJzL3Jib25pZmFjaW8vUHJvamVjdHMvcGhkL0JpYkRlc2svTGluLzE5OTgucGRmABMAAS8AABUAAgAR//8AAIAG0h8gISJYJGNsYXNzZXNaJGNsYXNzbmFtZaMiIyRdTlNNdXRhYmxlRGF0YVZOU0RhdGFYTlNPYmplY3TSHyAmJ6InJFxOU0RpY3Rpb25hcnkACAARABsAJAApADIARABJAEwAUQBTAFwAYgBpAHQAfACDAIYAiACKAI0AjwCRAJMAoACqAM0A0gDaAm4CcAJ1An4CiQKNApsCogKrArACswAAAAAAAAIBAAAAAAAAACgAAAAAAAAAAAAAAAAAAALA},
  date-added = {2008-08-20 14:03:02 -0300},
  date-modified = {2008-08-20 14:05:47 -0300},
  keywords = {feature interactions}
}

@INPROCEEDINGS{Lopes:2005aa,
  author = {Cristina Videira Lopes and Sushil Krishna Bajracharya},
  title = {An analysis of modularity in aspect oriented design},
  booktitle = {AOSD' 2005},
  year = {2005},
  pages = {15--26},
  address = {New York, NY, USA},
  bdsk-url-1 = {http://portal.acm.org/ft_gateway.cfm?id=1052900&type=pdf&coll=GUIDE&dl=GUIDE&CFID=28725800&CFTOKEN=98781932},
  bdsk-url-2 = {http://doi.acm.org/10.1145/1052898.1052900},
  date-added = {2008-05-20 10:20:20 -0300},
  date-modified = {2008-06-13 14:35:18 -0300},
  doi = {http://doi.acm.org/10.1145/1052898.1052900},
  isbn = {1-59593-042-6},
  keywords = {aop, modularity},
  location = {Chicago, Illinois},
  url = {http://portal.acm.org/ft_gateway.cfm?id=1052900&type=pdf&coll=GUIDE&dl=GUIDE&CFID=28725800&CFTOKEN=98781932}
}

@INPROCEEDINGS{Lopes:2005ab,
  author = {Cristina Videira Lopes and Sushil Krishna Bajracharya},
  title = {An analysis of modularity in aspect oriented design},
  booktitle = {AOSD' 2005},
  year = {2005},
  pages = {15--26},
  address = {New York, NY, USA},
  bdsk-url-1 = {http://portal.acm.org/ft_gateway.cfm?id=1052900&type=pdf&coll=GUIDE&dl=GUIDE&CFID=73026908&CFTOKEN=33305578},
  bdsk-url-2 = {http://doi.acm.org/10.1145/1052898.1052900},
  date-added = {2008-06-14 09:13:25 -0300},
  date-modified = {2008-06-14 09:14:20 -0300},
  doi = {http://doi.acm.org/10.1145/1052898.1052900},
  isbn = {1-59593-042-6},
  keywords = {aop, dsm, modularity},
  location = {Chicago, Illinois},
  url = {http://portal.acm.org/ft_gateway.cfm?id=1052900&type=pdf&coll=GUIDE&dl=GUIDE&CFID=73026908&CFTOKEN=33305578}
}

@INPROCEEDINGS{Lopes:2005ac,
  author = {Cristina Videira Lopes and Sushil Krishna Bajracharya},
  title = {An analysis of modularity in aspect oriented design},
  booktitle = {AOSD' 2005},
  year = {2005},
  pages = {15--26},
  address = {New York, NY, USA},
  bdsk-url-1 = {http://portal.acm.org/ft_gateway.cfm?id=1052900&type=pdf&coll=GUIDE&dl=GUIDE&CFID=28725800&CFTOKEN=98781932},
  bdsk-url-2 = {http://doi.acm.org/10.1145/1052898.1052900},
  date-added = {2008-08-20 11:35:14 -0300},
  date-modified = {2008-08-20 11:40:19 -0300},
  doi = {http://doi.acm.org/10.1145/1052898.1052900},
  isbn = {1-59593-042-6},
  keywords = {aop, modularity},
  location = {Chicago, Illinois},
  url = {http://portal.acm.org/ft_gateway.cfm?id=1052900&type=pdf&coll=GUIDE&dl=GUIDE&CFID=28725800&CFTOKEN=98781932}
}

@INPROCEEDINGS{Masuhara:2003aa,
  author = {Masuhara, H. and Kiczales, G.},
  title = {Modeling Crosscutting in Aspect-Oriented Mechanisms},
  booktitle = {ECOOP' 2003},
  year = {2003},
  pages = {2--28},
  bdsk-file-1 = {YnBsaXN0MDDUAQIDBAUGBwpZJGFyY2hpdmVyWCR2ZXJzaW9uVCR0b3BYJG9iamVjdHNfEA9OU0tleWVkQXJjaGl2ZXISAAGGoNEICVRyb290gAGoCwwXGBkaHiVVJG51bGzTDQ4PEBMWWk5TLm9iamVjdHNXTlMua2V5c1YkY2xhc3OiERKABIAFohQVgAKAA4AHXHJlbGF0aXZlUGF0aFlhbGlhc0RhdGFfECUuLi8uLi8uLi8uLi9CaWJEZXNrL01hc3VoYXJhLzIwMDMucGRm0hsPHB1XTlMuZGF0YU8RAZ4AAAAAAZ4AAgAADE1hY2ludG9zaCBIRAAAAAAAAAAAAAAAAAAAAMJYbgVIKwAAAC/nFwgyMDAzLnBkZgAAAAAAAAAAAAAAAAAAAAAAAAAAAAAAAAAAAAAAAAAAAAAAAAAAAAAAAAAAAAAAAAAAAAAAAAAAFSqZAAAAAAAAAAAAAAAAAAQAAwAACSAAAAAAAAAAAAAAAAAAAAAITWFzdWhhcmEAEAAIAADCWJg1AAAAEQAIAAAAAAAAAAAAAQAYAC/nFwAuHOYAKmUDABUyWAAQhhEAAHBCAAIARE1hY2ludG9zaCBIRDpVc2VyczpyYm9uaWZhY2lvOlByb2plY3RzOnBoZDpCaWJEZXNrOk1hc3VoYXJhOjIwMDMucGRmAA4AEgAIADIAMAAwADMALgBwAGQAZgAPABoADABNAGEAYwBpAG4AdABvAHMAaAAgAEgARAASADdVc2Vycy9yYm9uaWZhY2lvL1Byb2plY3RzL3BoZC9CaWJEZXNrL01hc3VoYXJhLzIwMDMucGRmAAATAAEvAAAVAAIAEf//AACABtIfICEiWCRjbGFzc2VzWiRjbGFzc25hbWWjIiMkXU5TTXV0YWJsZURhdGFWTlNEYXRhWE5TT2JqZWN00h8gJieiJyRcTlNEaWN0aW9uYXJ5AAgAEQAbACQAKQAyAEQASQBMAFEAUwBcAGIAaQB0AHwAgwCGAIgAigCNAI8AkQCTAKAAqgDSANcA3wKBAoMCiAKRApwCoAKuArUCvgLDAsYAAAAAAAACAQAAAAAAAAAoAAAAAAAAAAAAAAAAAAAC0w==},
  date-added = {2008-06-05 14:16:57 -0300},
  date-modified = {2008-06-05 14:17:26 -0300},
  journal = {European Conference on Object-Oriented Programming (ECOOP)},
  keywords = {aop}
}

@ARTICLE{Melnik:2006aa,
  author = {Grigori Melnik and Frank Maurer and Carmen Zannier},
  title = {On the success of empirical studies in the international conference
	on software engineering},
  journal = {ICSE' 2006},
  year = {2006},
  volume = {0},
  pages = {341-350},
  address = {Los Alamitos, CA, USA},
  bdsk-file-1 = {YnBsaXN0MDDUAQIDBAUGBwpZJGFyY2hpdmVyWCR2ZXJzaW9uVCR0b3BYJG9iamVjdHNfEA9OU0tleWVkQXJjaGl2ZXISAAGGoNEICVRyb290gAGoCwwXGBkaHiVVJG51bGzTDQ4PEBMWWk5TLm9iamVjdHNXTlMua2V5c1YkY2xhc3OiERKABIAFohQVgAKAA4AHXHJlbGF0aXZlUGF0aFlhbGlhc0RhdGFfECMuLi8uLi8uLi8uLi9CaWJEZXNrL01lbG5pay8yMDA2LnBkZtIbDxwdV05TLmRhdGFPEQGYAAAAAAGYAAIAAAxNYWNpbnRvc2ggSEQAAAAAAAAAAAAAAAAAAADCWG4FSCsAAAAuQIQIMjAwNi5wZGYAAAAAAAAAAAAAAAAAAAAAAAAAAAAAAAAAAAAAAAAAAAAAAAAAAAAAAAAAAAAAAAAAAAAAAAAAAC5AesRQOAJQREYgcHJ2dwAEAAMAAAkgAAAAAAAAAAAAAAAAAAAABk1lbG5pawAQAAgAAMJYmDUAAAARAAgAAMRQYjIAAAABABgALkCEAC4c5gAqZQMAFTJYABCGEQAAcEIAAgBCTWFjaW50b3NoIEhEOlVzZXJzOnJib25pZmFjaW86UHJvamVjdHM6cGhkOkJpYkRlc2s6TWVsbmlrOjIwMDYucGRmAA4AEgAIADIAMAAwADYALgBwAGQAZgAPABoADABNAGEAYwBpAG4AdABvAHMAaAAgAEgARAASADVVc2Vycy9yYm9uaWZhY2lvL1Byb2plY3RzL3BoZC9CaWJEZXNrL01lbG5pay8yMDA2LnBkZgAAEwABLwAAFQACABH//wAAgAbSHyAhIlgkY2xhc3Nlc1okY2xhc3NuYW1loyIjJF1OU011dGFibGVEYXRhVk5TRGF0YVhOU09iamVjdNIfICYnoickXE5TRGljdGlvbmFyeQAIABEAGwAkACkAMgBEAEkATABRAFMAXABiAGkAdAB8AIMAhgCIAIoAjQCPAJEAkwCgAKoA0ADVAN0CeQJ7AoACiQKUApgCpgKtArYCuwK+AAAAAAAAAgEAAAAAAAAAKAAAAAAAAAAAAAAAAAAAAss=},
  bdsk-url-1 = {http://doi.ieeecomputersociety.org/10.1145/1134285.1134333},
  date-added = {2008-05-14 06:32:13 -0300},
  date-modified = {2008-05-14 06:33:05 -0300},
  doi = {http://doi.ieeecomputersociety.org/10.1145/1134285.1134333},
  isbn = {1-59593-375-1},
  keywords = {empirical software engineering},
  publisher = {IEEE Computer Society}
}

@ARTICLE{Mendonca:2008aa,
  author = {Mendon{\c c}a, Manoel G. and Maldonado, Jos{\'e} C. and Oliveira,
	Maria C.F. de and Carver, Jeffrey and Fabbri, Sandra C.P.F. and Shull,
	Forrest and Travassos, Guilherme H. and H{\~A}¶hn, Erika Nina and
	Basili, Victor R.},
  title = {A Framework for Software Engineering Experimental Replications},
  journal = {Engineering of Complex Computer Systems, 2008. ICECCS 2008. 13th
	IEEE International Conference on},
  year = {March 31 2008-April 3 2008},
  pages = {203-212},
  bdsk-file-1 = {YnBsaXN0MDDUAQIDBAUGBwpZJGFyY2hpdmVyWCR2ZXJzaW9uVCR0b3BYJG9iamVjdHNfEA9OU0tleWVkQXJjaGl2ZXISAAGGoNEICVRyb290gAGoCwwXGBkaHiVVJG51bGzTDQ4PEBMWWk5TLm9iamVjdHNXTlMua2V5c1YkY2xhc3OiERKABIAFohQVgAKAA4AHXHJlbGF0aXZlUGF0aFlhbGlhc0RhdGFvECcALgAuAC8ALgAuAC8ALgAuAC8ALgAuAC8AQgBpAGIARABlAHMAawAvAE0AZQBuAGQAbwBuAEEDAwCnAGEALwAyADAAMAA4AC4AcABkAGbSGw8cHVdOUy5kYXRhTxEBpgAAAAABpgACAAAMTWFjaW50b3NoIEhEAAAAAAAAAAAAAAAAAAAAwlhuBUgrAAAALj6tCDIwMDgucGRmAAAAAAAAAAAAAAAAAAAAAAAAAAAAAAAAAAAAAAAAAAAAAAAAAAAAAAAAAAAAAAAAAAAAAAAAAAAuPqHET47cUERGIHBydncABAADAAAJIAAAAAAAAAAAAAAAAAAAAAlNZW5kb27MpGEAABAACAAAwliYNQAAABEACAAAxE+5DAAAAAEAGAAuPq0ALhzmACplAwAVMlgAEIYRAABwQgACAEVNYWNpbnRvc2ggSEQ6VXNlcnM6cmJvbmlmYWNpbzpQcm9qZWN0czpwaGQ6QmliRGVzazpNZW5kb27MpGE6MjAwOC5wZGYAAA4AEgAIADIAMAAwADgALgBwAGQAZgAPABoADABNAGEAYwBpAG4AdABvAHMAaAAgAEgARAASADtVc2Vycy9yYm9uaWZhY2lvL1Byb2plY3RzL3BoZC9CaWJEZXNrL01lbmRvbkHMg8KnYS8yMDA4LnBkZgAAEwABLwAAFQACABH//wAAgAbSHyAhIlgkY2xhc3Nlc1okY2xhc3NuYW1loyIjJF1OU011dGFibGVEYXRhVk5TRGF0YVhOU09iamVjdNIfICYnoickXE5TRGljdGlvbmFyeQAIABEAGwAkACkAMgBEAEkATABRAFMAXABiAGkAdAB8AIMAhgCIAIoAjQCPAJEAkwCgAKoA+wEAAQgCsgK0ArkCwgLNAtEC3wLmAu8C9AL3AAAAAAAAAgEAAAAAAAAAKAAAAAAAAAAAAAAAAAAAAwQ=},
  bdsk-url-1 = {http://dx.doi.org/10.1109/ICECCS.2008.38},
  date-added = {2008-08-20 11:35:14 -0300},
  date-modified = {2008-08-20 11:36:56 -0300},
  doi = {10.1109/ICECCS.2008.38},
  keywords = {empirical software engineering}
}

@BOOK{Meyer:2000aa,
  title = {Object-Oriented Software Construction},
  publisher = {Prentice Hall PTR},
  year = {2000},
  author = {Bertrand Meyer},
  edition = {2nd},
  month = {March},
  isbn = {0136291554}
}

@INPROCEEDINGS{Morin:2008aa,
  author = {Brice Morin and others},
  title = {A generic weaver for supporting product lines},
  booktitle = {Early Aspects Workshop at ICSE},
  year = {2008},
  pages = {11--18},
  address = {Leipzig, Germany},
  bdsk-file-1 = {YnBsaXN0MDDUAQIDBAUGBwpZJGFyY2hpdmVyWCR2ZXJzaW9uVCR0b3BYJG9iamVjdHNfEA9OU0tleWVkQXJjaGl2ZXISAAGGoNEICVRyb290gAGoCwwXGBkaHiVVJG51bGzTDQ4PEBMWWk5TLm9iamVjdHNXTlMua2V5c1YkY2xhc3OiERKABIAFohQVgAKAA4AHXHJlbGF0aXZlUGF0aFlhbGlhc0RhdGFfECIuLi8uLi8uLi8uLi9CaWJEZXNrL01vcmluLzIwMDgucGRm0hsPHB1XTlMuZGF0YU8RAZYAAAAAAZYAAgAADE1hY2ludG9zaCBIRAAAAAAAAAAAAAAAAAAAAMJYbgVIKwAAAC/mwAgyMDA4LnBkZgAAAAAAAAAAAAAAAAAAAAAAAAAAAAAAAAAAAAAAAAAAAAAAAAAAAAAAAAAAAAAAAAAAAAAAAAAAL+a2xHm/hlBERiBwcnZ3AAQAAwAACSAAAAAAAAAAAAAAAAAAAAAFTW9yaW4AABAACAAAwliYNQAAABEACAAAxHnptgAAAAEAGAAv5sAALhzmACplAwAVMlgAEIYRAABwQgACAEFNYWNpbnRvc2ggSEQ6VXNlcnM6cmJvbmlmYWNpbzpQcm9qZWN0czpwaGQ6QmliRGVzazpNb3JpbjoyMDA4LnBkZgAADgASAAgAMgAwADAAOAAuAHAAZABmAA8AGgAMAE0AYQBjAGkAbgB0AG8AcwBoACAASABEABIANFVzZXJzL3Jib25pZmFjaW8vUHJvamVjdHMvcGhkL0JpYkRlc2svTW9yaW4vMjAwOC5wZGYAEwABLwAAFQACABH//wAAgAbSHyAhIlgkY2xhc3Nlc1okY2xhc3NuYW1loyIjJF1OU011dGFibGVEYXRhVk5TRGF0YVhOU09iamVjdNIfICYnoickXE5TRGljdGlvbmFyeQAIABEAGwAkACkAMgBEAEkATABRAFMAXABiAGkAdAB8AIMAhgCIAIoAjQCPAJEAkwCgAKoAzwDUANwCdgJ4An0ChgKRApUCowKqArMCuAK7AAAAAAAAAgEAAAAAAAAAKAAAAAAAAAAAAAAAAAAAAsg=},
  bdsk-file-2 = {YnBsaXN0MDDUAQIDBAUGBwpZJGFyY2hpdmVyWCR2ZXJzaW9uVCR0b3BYJG9iamVjdHNfEA9OU0tleWVkQXJjaGl2ZXISAAGGoNEICVRyb290gAGoCwwXGBkaHiVVJG51bGzTDQ4PEBMWWk5TLm9iamVjdHNXTlMua2V5c1YkY2xhc3OiERKABIAFohQVgAKAA4AHXHJlbGF0aXZlUGF0aFlhbGlhc0RhdGFfECMuLi8uLi8uLi8uLi9CaWJEZXNrL01vcmluLzIwMDhhLnBkZtIbDxwdV05TLmRhdGFPEQGaAAAAAAGaAAIAAAxNYWNpbnRvc2ggSEQAAAAAAAAAAAAAAAAAAADCWG4FSCsAAAAv5sAJMjAwOGEucGRmAAAAAAAAAAAAAAAAAAAAAAAAAAAAAAAAAAAAAAAAAAAAAAAAAAAAAAAAAAAAAAAAAAAAAAAAAC/m98R5wApQREYgcHJ2dwAEAAMAAAkgAAAAAAAAAAAAAAAAAAAABU1vcmluAAAQAAgAAMJYmDUAAAARAAgAAMR56joAAAABABgAL+bAAC4c5gAqZQMAFTJYABCGEQAAcEIAAgBCTWFjaW50b3NoIEhEOlVzZXJzOnJib25pZmFjaW86UHJvamVjdHM6cGhkOkJpYkRlc2s6TW9yaW46MjAwOGEucGRmAA4AFAAJADIAMAAwADgAYQAuAHAAZABmAA8AGgAMAE0AYQBjAGkAbgB0AG8AcwBoACAASABEABIANVVzZXJzL3Jib25pZmFjaW8vUHJvamVjdHMvcGhkL0JpYkRlc2svTW9yaW4vMjAwOGEucGRmAAATAAEvAAAVAAIAEf//AACABtIfICEiWCRjbGFzc2VzWiRjbGFzc25hbWWjIiMkXU5TTXV0YWJsZURhdGFWTlNEYXRhWE5TT2JqZWN00h8gJieiJyRcTlNEaWN0aW9uYXJ5AAgAEQAbACQAKQAyAEQASQBMAFEAUwBcAGIAaQB0AHwAgwCGAIgAigCNAI8AkQCTAKAAqgDQANUA3QJ7An0CggKLApYCmgKoAq8CuAK9AsAAAAAAAAACAQAAAAAAAAAoAAAAAAAAAAAAAAAAAAACzQ==},
  bdsk-url-1 = {http://portal.acm.org/ft_gateway.cfm?id=1370832&type=pdf&coll=Portal&dl=GUIDE&CFID=32321511&CFTOKEN=61084057},
  bdsk-url-2 = {http://doi.acm.org/10.1145/1370828.1370832},
  date-added = {2008-06-14 18:32:12 -0300},
  date-modified = {2008-06-14 18:34:37 -0300},
  doi = {http://doi.acm.org/10.1145/1370828.1370832},
  isbn = {978-1-60558-032-6},
  keywords = {spl, aop, early aspects},
  location = {Leipzig, Germany},
  url = {http://portal.acm.org/ft_gateway.cfm?id=1370832&type=pdf&coll=Portal&dl=GUIDE&CFID=32321511&CFTOKEN=61084057}
}

@ARTICLE{Mouchawrab:2007aa,
  author = {Samar Mouchawrab and Lionel C. Briand and Yvan Labiche},
  title = {Assessing, Comparing, and Combining Statechart- based testing and
	Structural testing: An Experiment},
  journal = {First International Symposium on Empirical Software Engineering and
	Measurement (ESEM)},
  year = {2007},
  volume = {0},
  pages = {41-50},
  address = {Los Alamitos, CA, USA},
  bdsk-file-1 = {YnBsaXN0MDDUAQIDBAUGBwpZJGFyY2hpdmVyWCR2ZXJzaW9uVCR0b3BYJG9iamVjdHNfEA9OU0tleWVkQXJjaGl2ZXISAAGGoNEICVRyb290gAGoCwwXGBkaHiVVJG51bGzTDQ4PEBMWWk5TLm9iamVjdHNXTlMua2V5c1YkY2xhc3OiERKABIAFohQVgAKAA4AHXHJlbGF0aXZlUGF0aFlhbGlhc0RhdGFfECcuLi8uLi8uLi8uLi9CaWJEZXNrL01vdWNoYXdyYWIvMjAwNy5wZGbSGw8cHVdOUy5kYXRhTxEBpAAAAAABpAACAAAMTWFjaW50b3NoIEhEAAAAAAAAAAAAAAAAAAAAwlhuBUgrAAAAP2rHCDIwMDcucGRmAAAAAAAAAAAAAAAAAAAAAAAAAAAAAAAAAAAAAAAAAAAAAAAAAAAAAAAAAAAAAAAAAAAAAAAAAAA/arzEqmw/AAAAAAAAAAAABAADAAAJIAAAAAAAAAAAAAAAAAAAAApNb3VjaGF3cmFiABAACAAAwliYNQAAABEACAAAxKqWbwAAAAEAGAA/ascALhzmACplAwAVMlgAEIYRAABwQgACAEZNYWNpbnRvc2ggSEQ6VXNlcnM6cmJvbmlmYWNpbzpQcm9qZWN0czpwaGQ6QmliRGVzazpNb3VjaGF3cmFiOjIwMDcucGRmAA4AEgAIADIAMAAwADcALgBwAGQAZgAPABoADABNAGEAYwBpAG4AdABvAHMAaAAgAEgARAASADlVc2Vycy9yYm9uaWZhY2lvL1Byb2plY3RzL3BoZC9CaWJEZXNrL01vdWNoYXdyYWIvMjAwNy5wZGYAABMAAS8AABUAAgAR//8AAIAG0h8gISJYJGNsYXNzZXNaJGNsYXNzbmFtZaMiIyRdTlNNdXRhYmxlRGF0YVZOU0RhdGFYTlNPYmplY3TSHyAmJ6InJFxOU0RpY3Rpb25hcnkACAARABsAJAApADIARABJAEwAUQBTAFwAYgBpAHQAfACDAIYAiACKAI0AjwCRAJMAoACqANQA2QDhAokCiwKQApkCpAKoArYCvQLGAssCzgAAAAAAAAIBAAAAAAAAACgAAAAAAAAAAAAAAAAAAALb},
  bdsk-url-1 = {http://doi.ieeecomputersociety.org/10.1109/ESEM.2007.24},
  date-added = {2008-07-21 16:38:28 -0300},
  date-modified = {2008-08-20 11:13:38 -0300},
  doi = {http://doi.ieeecomputersociety.org/10.1109/ESEM.2007.24},
  issn = {1938-6451},
  keywords = {experiments},
  local-url = {file://localhost/Users/rbonifacio/Projects/phd/BibDesk/Mouchawrab/2007.pdf},
  publisher = {IEEE Computer Society}
}

@CONFERENCE{Neto:2007aa,
  author = {Alberto Costa Neto and M\'{a}cio de Medeiros Ribeiro and Marcos D\'{o}sea
	and Rodrigo Bonif\'{a}cio and Paulo Borba and S\'{e}rgio Soares},
  title = {Semantic Dependencies and Modularity of Aspect-Oriented Software},
  booktitle = {Assessment of Contemporary Modularization Techniques},
  year = {2007},
  bdsk-file-1 = {YnBsaXN0MDDUAQIDBAUGBwpZJGFyY2hpdmVyWCR2ZXJzaW9uVCR0b3BYJG9iamVjdHNfEA9OU0tleWVkQXJjaGl2ZXISAAGGoNEICVRyb290gAGoCwwXGBkaHiVVJG51bGzTDQ4PEBMWWk5TLm9iamVjdHNXTlMua2V5c1YkY2xhc3OiERKABIAFohQVgAKAA4AHXHJlbGF0aXZlUGF0aFlhbGlhc0RhdGFfECEuLi8uLi8uLi8uLi9CaWJEZXNrL05ldG8vMjAwNy5wZGbSGw8cHVdOUy5kYXRhTxEBkgAAAAABkgACAAAMTWFjaW50b3NoIEhEAAAAAAAAAAAAAAAAAAAAwlhuBUgrAAAAPebRCDIwMDcucGRmAAAAAAAAAAAAAAAAAAAAAAAAAAAAAAAAAAAAAAAAAAAAAAAAAAAAAAAAAAAAAAAAAAAAAAAAAAA3TRvEl9mrAAAAAAAAAAAABAADAAAJIAAAAAAAAAAAAAAAAAAAAAROZXRvABAACAAAwliYNQAAABEACAAAxJgD2wAAAAEAGAA95tEALhzmACplAwAVMlgAEIYRAABwQgACAEBNYWNpbnRvc2ggSEQ6VXNlcnM6cmJvbmlmYWNpbzpQcm9qZWN0czpwaGQ6QmliRGVzazpOZXRvOjIwMDcucGRmAA4AEgAIADIAMAAwADcALgBwAGQAZgAPABoADABNAGEAYwBpAG4AdABvAHMAaAAgAEgARAASADNVc2Vycy9yYm9uaWZhY2lvL1Byb2plY3RzL3BoZC9CaWJEZXNrL05ldG8vMjAwNy5wZGYAABMAAS8AABUAAgAR//8AAIAG0h8gISJYJGNsYXNzZXNaJGNsYXNzbmFtZaMiIyRdTlNNdXRhYmxlRGF0YVZOU0RhdGFYTlNPYmplY3TSHyAmJ6InJFxOU0RpY3Rpb25hcnkACAARABsAJAApADIARABJAEwAUQBTAFwAYgBpAHQAfACDAIYAiACKAI0AjwCRAJMAoACqAM4A0wDbAnECcwJ4AoECjAKQAp4CpQKuArMCtgAAAAAAAAIBAAAAAAAAACgAAAAAAAAAAAAAAAAAAALD},
  date-added = {2008-07-11 09:07:39 -0300},
  date-modified = {2008-07-11 09:11:17 -0300},
  keywords = {aop, modularity, dsm, owner},
  local-url = {file://localhost/Users/rbonifacio/Projects/phd/BibDesk/Neto/2007.pdf}
}

@ARTICLE{Pfleeger:1999aa,
  author = {Pfleeger, S.L.},
  title = {Albert Einstein and empirical software engineering},
  journal = {Computer},
  year = {Oct 1999},
  volume = {32},
  pages = {32-38},
  number = {10},
  bdsk-file-1 = {YnBsaXN0MDDUAQIDBAUGBwpZJGFyY2hpdmVyWCR2ZXJzaW9uVCR0b3BYJG9iamVjdHNfEA9OU0tleWVkQXJjaGl2ZXISAAGGoNEICVRyb290gAGoCwwXGBkaHiVVJG51bGzTDQ4PEBMWWk5TLm9iamVjdHNXTlMua2V5c1YkY2xhc3OiERKABIAFohQVgAKAA4AHXHJlbGF0aXZlUGF0aFlhbGlhc0RhdGFfECUuLi8uLi8uLi8uLi9CaWJEZXNrL1BmbGVlZ2VyLzE5OTkucGRm0hsPHB1XTlMuZGF0YU8RAZ4AAAAAAZ4AAgAADE1hY2ludG9zaCBIRAAAAAAAAAAAAAAAAAAAAMJYbgVIKwAAAC/ieggxOTk5LnBkZgAAAAAAAAAAAAAAAAAAAAAAAAAAAAAAAAAAAAAAAAAAAAAAAAAAAAAAAAAAAAAAAAAAAAAAAAAALj2IxE+MDVBERiBwcnZ3AAQAAwAACSAAAAAAAAAAAAAAAAAAAAAIUGZsZWVnZXIAEAAIAADCWJg1AAAAEQAIAADET7Y9AAAAAQAYAC/iegAuHOYAKmUDABUyWAAQhhEAAHBCAAIARE1hY2ludG9zaCBIRDpVc2VyczpyYm9uaWZhY2lvOlByb2plY3RzOnBoZDpCaWJEZXNrOlBmbGVlZ2VyOjE5OTkucGRmAA4AEgAIADEAOQA5ADkALgBwAGQAZgAPABoADABNAGEAYwBpAG4AdABvAHMAaAAgAEgARAASADdVc2Vycy9yYm9uaWZhY2lvL1Byb2plY3RzL3BoZC9CaWJEZXNrL1BmbGVlZ2VyLzE5OTkucGRmAAATAAEvAAAVAAIAEf//AACABtIfICEiWCRjbGFzc2VzWiRjbGFzc25hbWWjIiMkXU5TTXV0YWJsZURhdGFWTlNEYXRhWE5TT2JqZWN00h8gJieiJyRcTlNEaWN0aW9uYXJ5AAgAEQAbACQAKQAyAEQASQBMAFEAUwBcAGIAaQB0AHwAgwCGAIgAigCNAI8AkQCTAKAAqgDSANcA3wKBAoMCiAKRApwCoAKuArUCvgLDAsYAAAAAAAACAQAAAAAAAAAoAAAAAAAAAAAAAAAAAAAC0w==},
  bdsk-url-1 = {http://dx.doi.org/10.1109/2.796106},
  date-added = {2008-08-20 11:35:14 -0300},
  date-modified = {2008-08-20 11:35:14 -0300},
  doi = {10.1109/2.796106},
  issn = {0018-9162},
  keywords = {empirical software engineering}
}

@ARTICLE{Pfleeger:1994aa,
  author = {Pfleeger, S.L.},
  title = {{Design and analysis in software engineering: the language of case
	studies and formal experiments}},
  journal = {ACM SIGSOFT Software Engineering Notes},
  year = {1994},
  volume = {19},
  pages = {16--20},
  number = {4},
  bdsk-file-1 = {YnBsaXN0MDDUAQIDBAUGBwpZJGFyY2hpdmVyWCR2ZXJzaW9uVCR0b3BYJG9iamVjdHNfEA9OU0tleWVkQXJjaGl2ZXISAAGGoNEICVRyb290gAGoCwwXGBkaHiVVJG51bGzTDQ4PEBMWWk5TLm9iamVjdHNXTlMua2V5c1YkY2xhc3OiERKABIAFohQVgAKAA4AHXHJlbGF0aXZlUGF0aFlhbGlhc0RhdGFfECUuLi8uLi8uLi8uLi9CaWJEZXNrL1BmbGVlZ2VyLzE5OTQucGRm0hsPHB1XTlMuZGF0YU8RAZ4AAAAAAZ4AAgAADE1hY2ludG9zaCBIRAAAAAAAAAAAAAAAAAAAAMJYbgVIKwAAAC/ieggxOTk0LnBkZgAAAAAAAAAAAAAAAAAAAAAAAAAAAAAAAAAAAAAAAAAAAAAAAAAAAAAAAAAAAAAAAAAAAAAAAAAAL+I5xE9wlAAAAAAAAAAAAAQAAwAACSAAAAAAAAAAAAAAAAAAAAAIUGZsZWVnZXIAEAAIAADCWJg1AAAAEQAIAADET5rEAAAAAQAYAC/iegAuHOYAKmUDABUyWAAQhhEAAHBCAAIARE1hY2ludG9zaCBIRDpVc2VyczpyYm9uaWZhY2lvOlByb2plY3RzOnBoZDpCaWJEZXNrOlBmbGVlZ2VyOjE5OTQucGRmAA4AEgAIADEAOQA5ADQALgBwAGQAZgAPABoADABNAGEAYwBpAG4AdABvAHMAaAAgAEgARAASADdVc2Vycy9yYm9uaWZhY2lvL1Byb2plY3RzL3BoZC9CaWJEZXNrL1BmbGVlZ2VyLzE5OTQucGRmAAATAAEvAAAVAAIAEf//AACABtIfICEiWCRjbGFzc2VzWiRjbGFzc25hbWWjIiMkXU5TTXV0YWJsZURhdGFWTlNEYXRhWE5TT2JqZWN00h8gJieiJyRcTlNEaWN0aW9uYXJ5AAgAEQAbACQAKQAyAEQASQBMAFEAUwBcAGIAaQB0AHwAgwCGAIgAigCNAI8AkQCTAKAAqgDSANcA3wKBAoMCiAKRApwCoAKuArUCvgLDAsYAAAAAAAACAQAAAAAAAAAoAAAAAAAAAAAAAAAAAAAC0w==},
  bdsk-file-2 = {YnBsaXN0MDDUAQIDBAUGBwpZJGFyY2hpdmVyWCR2ZXJzaW9uVCR0b3BYJG9iamVjdHNfEA9OU0tleWVkQXJjaGl2ZXISAAGGoNEICVRyb290gAGoCwwXGBkaHiVVJG51bGzTDQ4PEBMWWk5TLm9iamVjdHNXTlMua2V5c1YkY2xhc3OiERKABIAFohQVgAKAA4AHXHJlbGF0aXZlUGF0aFlhbGlhc0RhdGFfECYuLi8uLi8uLi8uLi9CaWJEZXNrL1BmbGVlZ2VyLzE5OTRhLnBkZtIbDxwdV05TLmRhdGFPEQGiAAAAAAGiAAIAAAxNYWNpbnRvc2ggSEQAAAAAAAAAAAAAAAAAAADCWG4FSCsAAAAv4noJMTk5NGEucGRmAAAAAAAAAAAAAAAAAAAAAAAAAAAAAAAAAAAAAAAAAAAAAAAAAAAAAAAAAAAAAAAAAAAAAAAAAC/iNsRPcUIAAAAAAAAAAAAEAAMAAAkgAAAAAAAAAAAAAAAAAAAACFBmbGVlZ2VyABAACAAAwliYNQAAABEACAAAxE+bcgAAAAEAGAAv4noALhzmACplAwAVMlgAEIYRAABwQgACAEVNYWNpbnRvc2ggSEQ6VXNlcnM6cmJvbmlmYWNpbzpQcm9qZWN0czpwaGQ6QmliRGVzazpQZmxlZWdlcjoxOTk0YS5wZGYAAA4AFAAJADEAOQA5ADQAYQAuAHAAZABmAA8AGgAMAE0AYQBjAGkAbgB0AG8AcwBoACAASABEABIAOFVzZXJzL3Jib25pZmFjaW8vUHJvamVjdHMvcGhkL0JpYkRlc2svUGZsZWVnZXIvMTk5NGEucGRmABMAAS8AABUAAgAR//8AAIAG0h8gISJYJGNsYXNzZXNaJGNsYXNzbmFtZaMiIyRdTlNNdXRhYmxlRGF0YVZOU0RhdGFYTlNPYmplY3TSHyAmJ6InJFxOU0RpY3Rpb25hcnkACAARABsAJAApADIARABJAEwAUQBTAFwAYgBpAHQAfACDAIYAiACKAI0AjwCRAJMAoACqANMA2ADgAoYCiAKNApYCoQKlArMCugLDAsgCywAAAAAAAAIBAAAAAAAAACgAAAAAAAAAAAAAAAAAAALY},
  bdsk-file-3 = {YnBsaXN0MDDUAQIDBAUGBwpZJGFyY2hpdmVyWCR2ZXJzaW9uVCR0b3BYJG9iamVjdHNfEA9OU0tleWVkQXJjaGl2ZXISAAGGoNEICVRyb290gAGoCwwXGBkaHiVVJG51bGzTDQ4PEBMWWk5TLm9iamVjdHNXTlMua2V5c1YkY2xhc3OiERKABIAFohQVgAKAA4AHXHJlbGF0aXZlUGF0aFlhbGlhc0RhdGFfECYuLi8uLi8uLi8uLi9CaWJEZXNrL1BmbGVlZ2VyLzE5OTRiLnBkZtIbDxwdV05TLmRhdGFPEQGiAAAAAAGiAAIAAAxNYWNpbnRvc2ggSEQAAAAAAAAAAAAAAAAAAADCWG4FSCsAAAAv4noJMTk5NGIucGRmAAAAAAAAAAAAAAAAAAAAAAAAAAAAAAAAAAAAAAAAAAAAAAAAAAAAAAAAAAAAAAAAAAAAAAAAAC/iNcRPcPIAAAAAAAAAAAAEAAMAAAkgAAAAAAAAAAAAAAAAAAAACFBmbGVlZ2VyABAACAAAwliYNQAAABEACAAAxE+bIgAAAAEAGAAv4noALhzmACplAwAVMlgAEIYRAABwQgACAEVNYWNpbnRvc2ggSEQ6VXNlcnM6cmJvbmlmYWNpbzpQcm9qZWN0czpwaGQ6QmliRGVzazpQZmxlZWdlcjoxOTk0Yi5wZGYAAA4AFAAJADEAOQA5ADQAYgAuAHAAZABmAA8AGgAMAE0AYQBjAGkAbgB0AG8AcwBoACAASABEABIAOFVzZXJzL3Jib25pZmFjaW8vUHJvamVjdHMvcGhkL0JpYkRlc2svUGZsZWVnZXIvMTk5NGIucGRmABMAAS8AABUAAgAR//8AAIAG0h8gISJYJGNsYXNzZXNaJGNsYXNzbmFtZaMiIyRdTlNNdXRhYmxlRGF0YVZOU0RhdGFYTlNPYmplY3TSHyAmJ6InJFxOU0RpY3Rpb25hcnkACAARABsAJAApADIARABJAEwAUQBTAFwAYgBpAHQAfACDAIYAiACKAI0AjwCRAJMAoACqANMA2ADgAoYCiAKNApYCoQKlArMCugLDAsgCywAAAAAAAAIBAAAAAAAAACgAAAAAAAAAAAAAAAAAAALY},
  bdsk-file-4 = {YnBsaXN0MDDUAQIDBAUGBwpZJGFyY2hpdmVyWCR2ZXJzaW9uVCR0b3BYJG9iamVjdHNfEA9OU0tleWVkQXJjaGl2ZXISAAGGoNEICVRyb290gAGoCwwXGBkaHiVVJG51bGzTDQ4PEBMWWk5TLm9iamVjdHNXTlMua2V5c1YkY2xhc3OiERKABIAFohQVgAKAA4AHXHJlbGF0aXZlUGF0aFlhbGlhc0RhdGFfECYuLi8uLi8uLi8uLi9CaWJEZXNrL1BmbGVlZ2VyLzE5OTRjLnBkZtIbDxwdV05TLmRhdGFPEQGiAAAAAAGiAAIAAAxNYWNpbnRvc2ggSEQAAAAAAAAAAAAAAAAAAADCWG4FSCsAAAAv4noJMTk5NGMucGRmAAAAAAAAAAAAAAAAAAAAAAAAAAAAAAAAAAAAAAAAAAAAAAAAAAAAAAAAAAAAAAAAAAAAAAAAAC/iN8RPcWgAAAAAAAAAAAAEAAMAAAkgAAAAAAAAAAAAAAAAAAAACFBmbGVlZ2VyABAACAAAwliYNQAAABEACAAAxE+bmAAAAAEAGAAv4noALhzmACplAwAVMlgAEIYRAABwQgACAEVNYWNpbnRvc2ggSEQ6VXNlcnM6cmJvbmlmYWNpbzpQcm9qZWN0czpwaGQ6QmliRGVzazpQZmxlZWdlcjoxOTk0Yy5wZGYAAA4AFAAJADEAOQA5ADQAYwAuAHAAZABmAA8AGgAMAE0AYQBjAGkAbgB0AG8AcwBoACAASABEABIAOFVzZXJzL3Jib25pZmFjaW8vUHJvamVjdHMvcGhkL0JpYkRlc2svUGZsZWVnZXIvMTk5NGMucGRmABMAAS8AABUAAgAR//8AAIAG0h8gISJYJGNsYXNzZXNaJGNsYXNzbmFtZaMiIyRdTlNNdXRhYmxlRGF0YVZOU0RhdGFYTlNPYmplY3TSHyAmJ6InJFxOU0RpY3Rpb25hcnkACAARABsAJAApADIARABJAEwAUQBTAFwAYgBpAHQAfACDAIYAiACKAI0AjwCRAJMAoACqANMA2ADgAoYCiAKNApYCoQKlArMCugLDAsgCywAAAAAAAAIBAAAAAAAAACgAAAAAAAAAAAAAAAAAAALY},
  bdsk-file-5 = {YnBsaXN0MDDUAQIDBAUGBwpZJGFyY2hpdmVyWCR2ZXJzaW9uVCR0b3BYJG9iamVjdHNfEA9OU0tleWVkQXJjaGl2ZXISAAGGoNEICVRyb290gAGoCwwXGBkaHiVVJG51bGzTDQ4PEBMWWk5TLm9iamVjdHNXTlMua2V5c1YkY2xhc3OiERKABIAFohQVgAKAA4AHXHJlbGF0aXZlUGF0aFlhbGlhc0RhdGFfECYuLi8uLi8uLi8uLi9CaWJEZXNrL1BmbGVlZ2VyLzE5OTRkLnBkZtIbDxwdV05TLmRhdGFPEQGiAAAAAAGiAAIAAAxNYWNpbnRvc2ggSEQAAAAAAAAAAAAAAAAAAADCWG4FSCsAAAAv4noJMTk5NGQucGRmAAAAAAAAAAAAAAAAAAAAAAAAAAAAAAAAAAAAAAAAAAAAAAAAAAAAAAAAAAAAAAAAAAAAAAAAAC/iOMRPcBYAAAAAAAAAAAAEAAMAAAkgAAAAAAAAAAAAAAAAAAAACFBmbGVlZ2VyABAACAAAwliYNQAAABEACAAAxE+aRgAAAAEAGAAv4noALhzmACplAwAVMlgAEIYRAABwQgACAEVNYWNpbnRvc2ggSEQ6VXNlcnM6cmJvbmlmYWNpbzpQcm9qZWN0czpwaGQ6QmliRGVzazpQZmxlZWdlcjoxOTk0ZC5wZGYAAA4AFAAJADEAOQA5ADQAZAAuAHAAZABmAA8AGgAMAE0AYQBjAGkAbgB0AG8AcwBoACAASABEABIAOFVzZXJzL3Jib25pZmFjaW8vUHJvamVjdHMvcGhkL0JpYkRlc2svUGZsZWVnZXIvMTk5NGQucGRmABMAAS8AABUAAgAR//8AAIAG0h8gISJYJGNsYXNzZXNaJGNsYXNzbmFtZaMiIyRdTlNNdXRhYmxlRGF0YVZOU0RhdGFYTlNPYmplY3TSHyAmJ6InJFxOU0RpY3Rpb25hcnkACAARABsAJAApADIARABJAEwAUQBTAFwAYgBpAHQAfACDAIYAiACKAI0AjwCRAJMAoACqANMA2ADgAoYCiAKNApYCoQKlArMCugLDAsgCywAAAAAAAAIBAAAAAAAAACgAAAAAAAAAAAAAAAAAAALY},
  date-added = {2008-06-14 07:43:56 -0300},
  date-modified = {2008-08-20 11:42:46 -0300},
  keywords = {experiments},
  publisher = {ACM Press New York, NY, USA}
}

@BOOK{Pohl:2005aa,
  title = {Software Product Line Engineering : Foundations, Principles and Techniques},
  publisher = {Springer},
  year = {2005},
  author = {Pohl, Klaus and B\"{o}ckle, G\"{u}nter and van der Linden, Frank
	J.}
}

@MISC{Pohl:eshop,
  author = {Klaus Pohl and Andreas Metzger},
  title = {The eShop Product Line},
  note = {online: http://www.sei.cmu.edu/splc2006/eShop.pdf}
}

@ARTICLE{Sampaio:2007aa,
  author = {Americo Sampaio and Phil Greenwood and Alessandro F. Garcia and Awais
	Rashid},
  title = {A Comparative Study of Aspect-Oriented Requirements Engineering Approaches},
  journal = {First International Symposium on Empirical Software Engineering and
	Measurement (ESEM)},
  year = {2007},
  volume = {0},
  pages = {166-175},
  address = {Los Alamitos, CA, USA},
  bdsk-file-1 = {YnBsaXN0MDDUAQIDBAUGBwpZJGFyY2hpdmVyWCR2ZXJzaW9uVCR0b3BYJG9iamVjdHNfEA9OU0tleWVkQXJjaGl2ZXISAAGGoNEICVRyb290gAGoCwwXGBkaHiVVJG51bGzTDQ4PEBMWWk5TLm9iamVjdHNXTlMua2V5c1YkY2xhc3OiERKABIAFohQVgAKAA4AHXHJlbGF0aXZlUGF0aFlhbGlhc0RhdGFfECQuLi8uLi8uLi8uLi9CaWJEZXNrL1NhbXBhaW8vMjAwNy5wZGbSGw8cHVdOUy5kYXRhTxEBnAAAAAABnAACAAAMTWFjaW50b3NoIEhEAAAAAAAAAAAAAAAAAAAAwlhuBUgrAAAAP2s5CDIwMDcucGRmAAAAAAAAAAAAAAAAAAAAAAAAAAAAAAAAAAAAAAAAAAAAAAAAAAAAAAAAAAAAAAAAAAAAAAAAAAA/ay/Eqm4DAAAAAAAAAAAABAADAAAJIAAAAAAAAAAAAAAAAAAAAAdTYW1wYWlvAAAQAAgAAMJYmDUAAAARAAgAAMSqmDMAAAABABgAP2s5AC4c5gAqZQMAFTJYABCGEQAAcEIAAgBDTWFjaW50b3NoIEhEOlVzZXJzOnJib25pZmFjaW86UHJvamVjdHM6cGhkOkJpYkRlc2s6U2FtcGFpbzoyMDA3LnBkZgAADgASAAgAMgAwADAANwAuAHAAZABmAA8AGgAMAE0AYQBjAGkAbgB0AG8AcwBoACAASABEABIANlVzZXJzL3Jib25pZmFjaW8vUHJvamVjdHMvcGhkL0JpYkRlc2svU2FtcGFpby8yMDA3LnBkZgATAAEvAAAVAAIAEf//AACABtIfICEiWCRjbGFzc2VzWiRjbGFzc25hbWWjIiMkXU5TTXV0YWJsZURhdGFWTlNEYXRhWE5TT2JqZWN00h8gJieiJyRcTlNEaWN0aW9uYXJ5AAgAEQAbACQAKQAyAEQASQBMAFEAUwBcAGIAaQB0AHwAgwCGAIgAigCNAI8AkQCTAKAAqgDRANYA3gJ+AoAChQKOApkCnQKrArICuwLAAsMAAAAAAAACAQAAAAAAAAAoAAAAAAAAAAAAAAAAAAAC0A==},
  bdsk-url-1 = {http://doi.ieeecomputersociety.org/10.1109/ESEM.2007.3},
  date-added = {2008-07-21 16:46:25 -0300},
  date-modified = {2008-07-21 16:50:13 -0300},
  doi = {http://doi.ieeecomputersociety.org/10.1109/ESEM.2007.3},
  issn = {1938-6451},
  keywords = {experiments},
  local-url = {file://localhost/Users/rbonifacio/Projects/phd/BibDesk/Sampaio/2007.pdf},
  publisher = {IEEE Computer Society}
}

@BOOK{Schmid:2007aa,
  title = {Software Product Lines in Action},
  publisher = {Springer},
  year = {2007},
  author = {Klaus Schmid and Frank van der Linden and Eelco Rommes},
  bdsk-file-1 = {YnBsaXN0MDDUAQIDBAUGBwpZJGFyY2hpdmVyWCR2ZXJzaW9uVCR0b3BYJG9iamVjdHNfEA9OU0tleWVkQXJjaGl2ZXISAAGGoNEICVRyb290gAGoCwwXGBkaHiVVJG51bGzTDQ4PEBMWWk5TLm9iamVjdHNXTlMua2V5c1YkY2xhc3OiERKABIAFohQVgAKAA4AHXHJlbGF0aXZlUGF0aFlhbGlhc0RhdGFfECMuLi8uLi8uLi8uLi9CaWJEZXNrL1NjaG1pZC8yMDA3LnBkZtIbDxwdV05TLmRhdGFPEQGYAAAAAAGYAAIAAAxNYWNpbnRvc2ggSEQAAAAAAAAAAAAAAAAAAADCWG4FSCsAAABBe9cIMjAwNy5wZGYAAAAAAAAAAAAAAAAAAAAAAAAAAAAAAAAAAAAAAAAAAAAAAAAAAAAAAAAAAAAAAAAAAAAAAAAAAEDnEcS+X7cAAAAAAAAAAAAEAAMAAAkgAAAAAAAAAAAAAAAAAAAABlNjaG1pZAAQAAgAAMJYmDUAAAARAAgAAMS+iecAAAABABgAQXvXAC4c5gAqZQMAFTJYABCGEQAAcEIAAgBCTWFjaW50b3NoIEhEOlVzZXJzOnJib25pZmFjaW86UHJvamVjdHM6cGhkOkJpYkRlc2s6U2NobWlkOjIwMDcucGRmAA4AEgAIADIAMAAwADcALgBwAGQAZgAPABoADABNAGEAYwBpAG4AdABvAHMAaAAgAEgARAASADVVc2Vycy9yYm9uaWZhY2lvL1Byb2plY3RzL3BoZC9CaWJEZXNrL1NjaG1pZC8yMDA3LnBkZgAAEwABLwAAFQACABH//wAAgAbSHyAhIlgkY2xhc3Nlc1okY2xhc3NuYW1loyIjJF1OU011dGFibGVEYXRhVk5TRGF0YVhOU09iamVjdNIfICYnoickXE5TRGljdGlvbmFyeQAIABEAGwAkACkAMgBEAEkATABRAFMAXABiAGkAdAB8AIMAhgCIAIoAjQCPAJEAkwCgAKoA0ADVAN0CeQJ7AoACiQKUApgCpgKtArYCuwK+AAAAAAAAAgEAAAAAAAAAKAAAAAAAAAAAAAAAAAAAAss=},
  date-added = {2008-08-20 11:35:14 -0300},
  date-modified = {2008-08-20 11:35:14 -0300},
  keywords = {spl}
}

@ARTICLE{Shull:2002aa,
  author = {Shull, F. and Basili, V. and Carver, J. and Maldonado, J.C. and Travassos,
	G.H. and Mendonca, M. and Fabbri, S.},
  title = {Replicating software engineering experiments: addressing the tacit
	knowledge problem},
  journal = {Empirical Software Engineering, 2002. Proceedings. 2002 International
	Symposium n},
  year = {2002},
  pages = { 7-16},
  bdsk-file-1 = {YnBsaXN0MDDUAQIDBAUGBwpZJGFyY2hpdmVyWCR2ZXJzaW9uVCR0b3BYJG9iamVjdHNfEA9OU0tleWVkQXJjaGl2ZXISAAGGoNEICVRyb290gAGoCwwXGBkaHiVVJG51bGzTDQ4PEBMWWk5TLm9iamVjdHNXTlMua2V5c1YkY2xhc3OiERKABIAFohQVgAKAA4AHXHJlbGF0aXZlUGF0aFlhbGlhc0RhdGFfECIuLi8uLi8uLi8uLi9CaWJEZXNrL1NodWxsLzIwMDIucGRm0hsPHB1XTlMuZGF0YU8RAZYAAAAAAZYAAgAADE1hY2ludG9zaCBIRAAAAAAAAAAAAAAAAAAAAMJYbgVIKwAAAC49NwgyMDAyLnBkZgAAAAAAAAAAAAAAAAAAAAAAAAAAAAAAAAAAAAAAAAAAAAAAAAAAAAAAAAAAAAAAAAAAAAAAAAAALj0txE+JHVBERiBwcnZ3AAQAAwAACSAAAAAAAAAAAAAAAAAAAAAFU2h1bGwAABAACAAAwliYNQAAABEACAAAxE+zTQAAAAEAGAAuPTcALhzmACplAwAVMlgAEIYRAABwQgACAEFNYWNpbnRvc2ggSEQ6VXNlcnM6cmJvbmlmYWNpbzpQcm9qZWN0czpwaGQ6QmliRGVzazpTaHVsbDoyMDAyLnBkZgAADgASAAgAMgAwADAAMgAuAHAAZABmAA8AGgAMAE0AYQBjAGkAbgB0AG8AcwBoACAASABEABIANFVzZXJzL3Jib25pZmFjaW8vUHJvamVjdHMvcGhkL0JpYkRlc2svU2h1bGwvMjAwMi5wZGYAEwABLwAAFQACABH//wAAgAbSHyAhIlgkY2xhc3Nlc1okY2xhc3NuYW1loyIjJF1OU011dGFibGVEYXRhVk5TRGF0YVhOU09iamVjdNIfICYnoickXE5TRGljdGlvbmFyeQAIABEAGwAkACkAMgBEAEkATABRAFMAXABiAGkAdAB8AIMAhgCIAIoAjQCPAJEAkwCgAKoAzwDUANwCdgJ4An0ChgKRApUCowKqArMCuAK7AAAAAAAAAgEAAAAAAAAAKAAAAAAAAAAAAAAAAAAAAsg=},
  bdsk-url-1 = {http://dx.doi.org/10.1109/ISESE.2002.1166920},
  date-added = {2008-08-20 11:35:14 -0300},
  date-modified = {2008-08-30 11:20:14 -0300},
  doi = {10.1109/ISESE.2002.1166920},
  issn = { },
  keywords = {empirical software engineering}
}

@ARTICLE{Sjoberg:2007aa,
  author = {1 Sjoberg and 1 Dyba and 1 Jorgensen},
  title = {The Future of Empirical Methods in Software Engineering Research},
  journal = {fose},
  year = {2007},
  volume = {00},
  pages = {358-378},
  address = {Los Alamitos, CA, USA},
  bdsk-file-1 = {YnBsaXN0MDDUAQIDBAUGBwpZJGFyY2hpdmVyWCR2ZXJzaW9uVCR0b3BYJG9iamVjdHNfEA9OU0tleWVkQXJjaGl2ZXISAAGGoNEICVRyb290gAGoCwwXGBkaHiVVJG51bGzTDQ4PEBMWWk5TLm9iamVjdHNXTlMua2V5c1YkY2xhc3OiERKABIAFohQVgAKAA4AHXHJlbGF0aXZlUGF0aFlhbGlhc0RhdGFfEBwuLi8uLi8uLi8uLi9CaWJEZXNrLzIwMDcucGRm0hsPHB1XTlMuZGF0YU8RAYgAAAAAAYgAAgAADE1hY2ludG9zaCBIRAAAAAAAAAAAAAAAAAAAAMJYbgVIKwAAAC4c5ggyMDA3LnBkZgAAAAAAAAAAAAAAAAAAAAAAAAAAAAAAAAAAAAAAAAAAAAAAAAAAAAAAAAAAAAAAAAAAAAAAAAAALkBhxFA3glBERiBwcnZ3AAQAAgAACSAAAAAAAAAAAAAAAAAAAAAHQmliRGVzawAAEAAIAADCWJg1AAAAEQAIAADEUGGyAAAAAQAUAC4c5gAqZQMAFTJYABCGEQAAcEIAAgA7TWFjaW50b3NoIEhEOlVzZXJzOnJib25pZmFjaW86UHJvamVjdHM6cGhkOkJpYkRlc2s6MjAwNy5wZGYAAA4AEgAIADIAMAAwADcALgBwAGQAZgAPABoADABNAGEAYwBpAG4AdABvAHMAaAAgAEgARAASAC5Vc2Vycy9yYm9uaWZhY2lvL1Byb2plY3RzL3BoZC9CaWJEZXNrLzIwMDcucGRmABMAAS8AABUAAgAR//8AAIAG0h8gISJYJGNsYXNzZXNaJGNsYXNzbmFtZaMiIyRdTlNNdXRhYmxlRGF0YVZOU0RhdGFYTlNPYmplY3TSHyAmJ6InJFxOU0RpY3Rpb25hcnkACAARABsAJAApADIARABJAEwAUQBTAFwAYgBpAHQAfACDAIYAiACKAI0AjwCRAJMAoACqAMkAzgDWAmICZAJpAnICfQKBAo8ClgKfAqQCpwAAAAAAAAIBAAAAAAAAACgAAAAAAAAAAAAAAAAAAAK0},
  bdsk-url-1 = {http://doi.ieeecomputersociety.org/10.1109/FOSE.2007.30},
  date-added = {2008-05-14 06:29:38 -0300},
  date-modified = {2008-07-03 18:01:59 -0300},
  doi = {http://doi.ieeecomputersociety.org/10.1109/FOSE.2007.30},
  isbn = {0-7695-2829-5},
  keywords = {empirical software engineering},
  local-url = {file://localhost/Users/rbonifacio/Projects/phd/BibDesk/2007.pdf},
  publisher = {IEEE Computer Society}
}

@ARTICLE{Sjoberg:2002aa,
  author = {Sjoberg, D.I.K. and Anda, B. and Arisholm, E. and Dyba, T. and Jorgensen,
	M. and Karahasanovic, A. and Koren, E.F. and Vokac, M.},
  title = {Conducting realistic experiments in software engineering},
  journal = {Empirical Software Engineering, 2002. Proceedings. 2002 International
	Symposium n},
  year = {2002},
  pages = { 17-26},
  bdsk-file-1 = {YnBsaXN0MDDUAQIDBAUGBwpZJGFyY2hpdmVyWCR2ZXJzaW9uVCR0b3BYJG9iamVjdHNfEA9OU0tleWVkQXJjaGl2ZXISAAGGoNEICVRyb290gAGoCwwXGBkaHiVVJG51bGzTDQ4PEBMWWk5TLm9iamVjdHNXTlMua2V5c1YkY2xhc3OiERKABIAFohQVgAKAA4AHXHJlbGF0aXZlUGF0aFlhbGlhc0RhdGFfECUuLi8uLi8uLi8uLi8uLi8uLi8uVHJhc2gvMDExNjY5MjEucGRm0hsPHB1XTlMuZGF0YU8RAXIAAAAAAXIAAgAADE1hY2ludG9zaCBIRAAAAAAAAAAAAAAAAAAAAMJYbgVIKwAAACf1mQwwMTE2NjkyMS5wZGYAAAAAAAAAAAAAAAAAAAAAAAAAAAAAAAAAAAAAAAAAAAAAAAAAAAAAAAAAAAAAAAAAAAAALj1DxE+JXVBERiBwcnZ3AAYAAgAACSAAAAAAAAAAAAAAAAAAAAAGLlRyYXNoABAACAAAwliYNQAAABEACAAAxE+zjQAAAAEADAAn9ZkAEIYRAABwQgACADFNYWNpbnRvc2ggSEQ6VXNlcnM6cmJvbmlmYWNpbzouVHJhc2g6MDExNjY5MjEucGRmAAAOABoADAAwADEAMQA2ADYAOQAyADEALgBwAGQAZgAPABoADABNAGEAYwBpAG4AdABvAHMAaAAgAEgARAASACRVc2Vycy9yYm9uaWZhY2lvLy5UcmFzaC8wMTE2NjkyMS5wZGYAEwABLwAAFQACABH//wAAgAbSHyAhIlgkY2xhc3Nlc1okY2xhc3NuYW1loyIjJF1OU011dGFibGVEYXRhVk5TRGF0YVhOU09iamVjdNIfICYnoickXE5TRGljdGlvbmFyeQAIABEAGwAkACkAMgBEAEkATABRAFMAXABiAGkAdAB8AIMAhgCIAIoAjQCPAJEAkwCgAKoA0gDXAN8CVQJXAlwCZQJwAnQCggKJApIClwKaAAAAAAAAAgEAAAAAAAAAKAAAAAAAAAAAAAAAAAAAAqc=},
  bdsk-url-1 = {http://dx.doi.org/10.1109/ISESE.2002.1166921},
  date-added = {2008-08-20 11:35:14 -0300},
  date-modified = {2008-08-30 11:20:19 -0300},
  doi = {10.1109/ISESE.2002.1166921},
  issn = { },
  keywords = {empirical software engineering}
}

@UNPUBLISHED{Stoiber:2008aa,
  author = {Reinhard Stoiber and Martin Glinz},
  title = {Software Product Line Requirements Engineering Based on Aspects},
  year = {2008},
  bdsk-file-1 = {YnBsaXN0MDDUAQIDBAUGBwpZJGFyY2hpdmVyWCR2ZXJzaW9uVCR0b3BYJG9iamVjdHNfEA9OU0tleWVkQXJjaGl2ZXISAAGGoNEICVRyb290gAGoCwwXGBkaHiVVJG51bGzTDQ4PEBMWWk5TLm9iamVjdHNXTlMua2V5c1YkY2xhc3OiERKABIAFohQVgAKAA4AHXHJlbGF0aXZlUGF0aFlhbGlhc0RhdGFfECQuLi8uLi8uLi8uLi9CaWJEZXNrL1N0b2liZXIvMjAwOC5wZGbSGw8cHVdOUy5kYXRhTxEBnAAAAAABnAACAAAMTWFjaW50b3NoIEhEAAAAAAAAAAAAAAAAAAAAwlhuBUgrAAAAL9pTCDIwMDgucGRmAAAAAAAAAAAAAAAAAAAAAAAAAAAAAAAAAAAAAAAAAAAAAAAAAAAAAAAAAAAAAAAAAAAAAAAAAAAu5QfEZDOcUERGIAAAAAAABAADAAAJIAAAAAAAAAAAAAAAAAAAAAdTdG9pYmVyAAAQAAgAAMJYmDUAAAARAAgAAMRkXcwAAAABABgAL9pTAC4c5gAqZQMAFTJYABCGEQAAcEIAAgBDTWFjaW50b3NoIEhEOlVzZXJzOnJib25pZmFjaW86UHJvamVjdHM6cGhkOkJpYkRlc2s6U3RvaWJlcjoyMDA4LnBkZgAADgASAAgAMgAwADAAOAAuAHAAZABmAA8AGgAMAE0AYQBjAGkAbgB0AG8AcwBoACAASABEABIANlVzZXJzL3Jib25pZmFjaW8vUHJvamVjdHMvcGhkL0JpYkRlc2svU3RvaWJlci8yMDA4LnBkZgATAAEvAAAVAAIAEf//AACABtIfICEiWCRjbGFzc2VzWiRjbGFzc25hbWWjIiMkXU5TTXV0YWJsZURhdGFWTlNEYXRhWE5TT2JqZWN00h8gJieiJyRcTlNEaWN0aW9uYXJ5AAgAEQAbACQAKQAyAEQASQBMAFEAUwBcAGIAaQB0AHwAgwCGAIgAigCNAI8AkQCTAKAAqgDRANYA3gJ+AoAChQKOApkCnQKrArICuwLAAsMAAAAAAAACAQAAAAAAAAAoAAAAAAAAAAAAAAAAAAAC0A==},
  bdsk-file-2 = {YnBsaXN0MDDUAQIDBAUGBwpZJGFyY2hpdmVyWCR2ZXJzaW9uVCR0b3BYJG9iamVjdHNfEA9OU0tleWVkQXJjaGl2ZXISAAGGoNEICVRyb290gAGoCwwXGBkaHiVVJG51bGzTDQ4PEBMWWk5TLm9iamVjdHNXTlMua2V5c1YkY2xhc3OiERKABIAFohQVgAKAA4AHXHJlbGF0aXZlUGF0aFlhbGlhc0RhdGFfECQuLi8uLi8uLi8uLi9CaWJEZXNrL1N0b2liZXIvMjAwOC5wZGbSGw8cHVdOUy5kYXRhTxEBnAAAAAABnAACAAAMTWFjaW50b3NoIEhEAAAAAAAAAAAAAAAAAAAAwlhuBUgrAAAAL9pTCDIwMDgucGRmAAAAAAAAAAAAAAAAAAAAAAAAAAAAAAAAAAAAAAAAAAAAAAAAAAAAAAAAAAAAAAAAAAAAAAAAAAAu5QfEZDOcUERGIAAAAAAABAADAAAJIAAAAAAAAAAAAAAAAAAAAAdTdG9pYmVyAAAQAAgAAMJYmDUAAAARAAgAAMRkXcwAAAABABgAL9pTAC4c5gAqZQMAFTJYABCGEQAAcEIAAgBDTWFjaW50b3NoIEhEOlVzZXJzOnJib25pZmFjaW86UHJvamVjdHM6cGhkOkJpYkRlc2s6U3RvaWJlcjoyMDA4LnBkZgAADgASAAgAMgAwADAAOAAuAHAAZABmAA8AGgAMAE0AYQBjAGkAbgB0AG8AcwBoACAASABEABIANlVzZXJzL3Jib25pZmFjaW8vUHJvamVjdHMvcGhkL0JpYkRlc2svU3RvaWJlci8yMDA4LnBkZgATAAEvAAAVAAIAEf//AACABtIfICEiWCRjbGFzc2VzWiRjbGFzc25hbWWjIiMkXU5TTXV0YWJsZURhdGFWTlNEYXRhWE5TT2JqZWN00h8gJieiJyRcTlNEaWN0aW9uYXJ5AAgAEQAbACQAKQAyAEQASQBMAFEAUwBcAGIAaQB0AHwAgwCGAIgAigCNAI8AkQCTAKAAqgDRANYA3gJ+AoAChQKOApkCnQKrArICuwLAAsMAAAAAAAACAQAAAAAAAAAoAAAAAAAAAAAAAAAAAAAC0A==},
  date-added = {2008-06-13 09:05:43 -0300},
  date-modified = {2008-08-30 11:20:57 -0300},
  keywords = {spl, requirements, variability management, aop}
}

@ARTICLE{Stoiber:2008ab,
  author = {Reinhard Stoiber and Martin Glinz},
  title = {Software Product Line Requirements Engineering Based on Aspects},
  journal = {MODELS},
  year = {2008},
  bdsk-file-1 = {YnBsaXN0MDDUAQIDBAUGBwpZJGFyY2hpdmVyWCR2ZXJzaW9uVCR0b3BYJG9iamVjdHNfEA9OU0tleWVkQXJjaGl2ZXISAAGGoNEICVRyb290gAGoCwwXGBkaHiVVJG51bGzTDQ4PEBMWWk5TLm9iamVjdHNXTlMua2V5c1YkY2xhc3OiERKABIAFohQVgAKAA4AHXHJlbGF0aXZlUGF0aFlhbGlhc0RhdGFfECUuLi8uLi8uLi8uLi9CaWJEZXNrL1N0b2liZXIvMjAwOGEucGRm0hsPHB1XTlMuZGF0YU8RAaAAAAAAAaAAAgAADE1hY2ludG9zaCBIRAAAAAAAAAAAAAAAAAAAAMJYbgVIKwAAAC/aUwkyMDA4YS5wZGYAAAAAAAAAAAAAAAAAAAAAAAAAAAAAAAAAAAAAAAAAAAAAAAAAAAAAAAAAAAAAAAAAAAAAAAAALxD8xGqPgVBERiAAAAAAAAQAAwAACSAAAAAAAAAAAAAAAAAAAAAHU3RvaWJlcgAAEAAIAADCWJg1AAAAEQAIAADEarmxAAAAAQAYAC/aUwAuHOYAKmUDABUyWAAQhhEAAHBCAAIARE1hY2ludG9zaCBIRDpVc2VyczpyYm9uaWZhY2lvOlByb2plY3RzOnBoZDpCaWJEZXNrOlN0b2liZXI6MjAwOGEucGRmAA4AFAAJADIAMAAwADgAYQAuAHAAZABmAA8AGgAMAE0AYQBjAGkAbgB0AG8AcwBoACAASABEABIAN1VzZXJzL3Jib25pZmFjaW8vUHJvamVjdHMvcGhkL0JpYkRlc2svU3RvaWJlci8yMDA4YS5wZGYAABMAAS8AABUAAgAR//8AAIAG0h8gISJYJGNsYXNzZXNaJGNsYXNzbmFtZaMiIyRdTlNNdXRhYmxlRGF0YVZOU0RhdGFYTlNPYmplY3TSHyAmJ6InJFxOU0RpY3Rpb25hcnkACAARABsAJAApADIARABJAEwAUQBTAFwAYgBpAHQAfACDAIYAiACKAI0AjwCRAJMAoACqANIA1wDfAoMChQKKApMCngKiArACtwLAAsUCyAAAAAAAAAIBAAAAAAAAACgAAAAAAAAAAAAAAAAAAALV},
  date-added = {2008-06-25 11:33:45 -0300},
  date-modified = {2008-06-25 11:35:30 -0300},
  keywords = {reviewd, spl, requirements}
}

@ARTICLE{Sullivan:2005aa,
  author = {Kevin Sullivan and others},
  title = {Information hiding interfaces for aspect-oriented design},
  journal = {SIGSOFT Softw. Eng. Notes},
  year = {2005},
  volume = {30},
  pages = {166--175},
  number = {5},
  address = {New York, NY, USA},
  bdsk-url-1 = {http://portal.acm.org/ft_gateway.cfm?id=1081734&type=pdf&coll=Portal&dl=GUIDE&CFID=73027010&CFTOKEN=94879361},
  bdsk-url-2 = {http://doi.acm.org/10.1145/1095430.1081734},
  date-added = {2008-06-14 09:15:10 -0300},
  date-modified = {2008-06-14 09:15:32 -0300},
  doi = {http://doi.acm.org/10.1145/1095430.1081734},
  issn = {0163-5948},
  keywords = {aop, dsm, modularity},
  publisher = {ACM},
  url = {http://portal.acm.org/ft_gateway.cfm?id=1081734&type=pdf&coll=Portal&dl=GUIDE&CFID=73027010&CFTOKEN=94879361}
}

@INPROCEEDINGS{Swierstra:1998aa,
  author = {S. Doaitse Swierstra and Pablo R. Azero Alcocer and Jo{\~a}o Saraiva},
  title = {Designing and Implementing Combinator Languages},
  booktitle = {Advanced Functional Programming},
  year = {1998},
  pages = {150-206},
  bdsk-file-1 = {YnBsaXN0MDDUAQIDBAUGBwpZJGFyY2hpdmVyWCR2ZXJzaW9uVCR0b3BYJG9iamVjdHNfEA9OU0tleWVkQXJjaGl2ZXISAAGGoNEICVRyb290gAGoCwwXGBkaHiVVJG51bGzTDQ4PEBMWWk5TLm9iamVjdHNXTlMua2V5c1YkY2xhc3OiERKABIAFohQVgAKAA4AHXHJlbGF0aXZlUGF0aFlhbGlhc0RhdGFfECYuLi8uLi8uLi8uLi9CaWJEZXNrL1N3aWVyc3RyYS8xOTk4LnBkZtIbDxwdV05TLmRhdGFPEQGiAAAAAAGiAAIAAAxNYWNpbnRvc2ggSEQAAAAAAAAAAAAAAAAAAADCWG4FSCsAAABCHWkIMTk5OC5wZGYAAAAAAAAAAAAAAAAAAAAAAAAAAAAAAAAAAAAAAAAAAAAAAAAAAAAAAAAAAAAAAAAAAAAAAAAAAEHir8TYivAAAAAAAAAAAAAEAAMAAAkgAAAAAAAAAAAAAAAAAAAACVN3aWVyc3RyYQAAEAAIAADCWJg1AAAAEQAIAADE2LUgAAAAAQAYAEIdaQAuHOYAKmUDABUyWAAQhhEAAHBCAAIARU1hY2ludG9zaCBIRDpVc2VyczpyYm9uaWZhY2lvOlByb2plY3RzOnBoZDpCaWJEZXNrOlN3aWVyc3RyYToxOTk4LnBkZgAADgASAAgAMQA5ADkAOAAuAHAAZABmAA8AGgAMAE0AYQBjAGkAbgB0AG8AcwBoACAASABEABIAOFVzZXJzL3Jib25pZmFjaW8vUHJvamVjdHMvcGhkL0JpYkRlc2svU3dpZXJzdHJhLzE5OTgucGRmABMAAS8AABUAAgAR//8AAIAG0h8gISJYJGNsYXNzZXNaJGNsYXNzbmFtZaMiIyRdTlNNdXRhYmxlRGF0YVZOU0RhdGFYTlNPYmplY3TSHyAmJ6InJFxOU0RpY3Rpb25hcnkACAARABsAJAApADIARABJAEwAUQBTAFwAYgBpAHQAfACDAIYAiACKAI0AjwCRAJMAoACqANMA2ADgAoYCiAKNApYCoQKlArMCugLDAsgCywAAAAAAAAIBAAAAAAAAACgAAAAAAAAAAAAAAAAAAALY},
  bibsource = {DBLP, http://dblp.uni-trier.de},
  date-added = {2008-08-30 11:13:29 -0300},
  date-modified = {2008-08-30 11:14:27 -0300},
  keywords = {haskell, generative programming}
}

@INPROCEEDINGS{Tarr:1999aa,
  author = {Peri Tarr and Harold Ossher and William Harrison and Stanley M. Sutton,
	Jr.},
  title = {N degrees of separation: multi-dimensional separation of concerns},
  booktitle = {ICSE' 99},
  year = {1999},
  pages = {107--119},
  address = {Los Alamitos, CA, USA},
  annote = {Esse paper apresenta uma boa discuss{\~a}o sobre o problema de evolu{\c
	c}{\~a}o em projetos que se baseiam em uma unidade de modulariaza{\c
	c}{\~a}o predominante. Importante a parte do texto que destaca que
	mudan{\c c}as devem ser aditiva, e n{\~a}o invasivas. Discuss{\~a}o
	semelhante est{\'a} presente no paper do ICSE sobre evolu{\c c}{\~a}o
	em LPS, que compara as t{\'e}cnicas de CC e AOP para implementar
	varia{\c c}{\~o}es.
	
	Tamb{\'e}m {\'e} destacado que re{\'u}so {\'e} focado em c{\'o}digo
	fonte, n{\~a}o nos requisitos.},
  bdsk-file-1 = {YnBsaXN0MDDUAQIDBAUGBwpZJGFyY2hpdmVyWCR2ZXJzaW9uVCR0b3BYJG9iamVjdHNfEA9OU0tleWVkQXJjaGl2ZXISAAGGoNEICVRyb290gAGoCwwXGBkaHiVVJG51bGzTDQ4PEBMWWk5TLm9iamVjdHNXTlMua2V5c1YkY2xhc3OiERKABIAFohQVgAKAA4AHXHJlbGF0aXZlUGF0aFlhbGlhc0RhdGFfECEuLi8uLi8uLi8uLi9CaWJEZXNrL1RhcnIvMTk5OS5wZGbSGw8cHVdOUy5kYXRhTxEBkgAAAAABkgACAAAMTWFjaW50b3NoIEhEAAAAAAAAAAAAAAAAAAAAwlhuBUgrAAAAQhysCDE5OTkucGRmAAAAAAAAAAAAAAAAAAAAAAAAAAAAAAAAAAAAAAAAAAAAAAAAAAAAAAAAAAAAAAAAAAAAAAAAAABCHHjE3tiFUERGIAAAAAAABAADAAAJIAAAAAAAAAAAAAAAAAAAAARUYXJyABAACAAAwliYNQAAABEACAAAxN8CtQAAAAEAGABCHKwALhzmACplAwAVMlgAEIYRAABwQgACAEBNYWNpbnRvc2ggSEQ6VXNlcnM6cmJvbmlmYWNpbzpQcm9qZWN0czpwaGQ6QmliRGVzazpUYXJyOjE5OTkucGRmAA4AEgAIADEAOQA5ADkALgBwAGQAZgAPABoADABNAGEAYwBpAG4AdABvAHMAaAAgAEgARAASADNVc2Vycy9yYm9uaWZhY2lvL1Byb2plY3RzL3BoZC9CaWJEZXNrL1RhcnIvMTk5OS5wZGYAABMAAS8AABUAAgAR//8AAIAG0h8gISJYJGNsYXNzZXNaJGNsYXNzbmFtZaMiIyRdTlNNdXRhYmxlRGF0YVZOU0RhdGFYTlNPYmplY3TSHyAmJ6InJFxOU0RpY3Rpb25hcnkACAARABsAJAApADIARABJAEwAUQBTAFwAYgBpAHQAfACDAIYAiACKAI0AjwCRAJMAoACqAM4A0wDbAnECcwJ4AoECjAKQAp4CpQKuArMCtgAAAAAAAAIBAAAAAAAAACgAAAAAAAAAAAAAAAAAAALD},
  bdsk-url-1 = {http://portal.acm.org/ft_gateway.cfm?id=302457&type=pdf&coll=Portal&dl=GUIDE&CFID=1116162&CFTOKEN=31895103},
  date-added = {2008-08-30 11:01:55 -0300},
  date-modified = {2008-09-02 12:05:38 -0300},
  isbn = {1-58113-074-0},
  keywords = {gentes, SoC, tese},
  location = {Los Angeles, California, United States},
  url = {http://portal.acm.org/ft_gateway.cfm?id=302457&type=pdf&coll=Portal&dl=GUIDE&CFID=1116162&CFTOKEN=31895103}
}

@INPROCEEDINGS{Thaker:2007aa,
  author = {Sahil Thaker and Don Batory and David Kitchin and William Cook},
  title = {Safe composition of product lines},
  booktitle = {GPCE' 2007},
  year = {2007},
  pages = {95--104},
  address = {New York, NY, USA},
  bdsk-file-1 = {YnBsaXN0MDDUAQIDBAUGBwpZJGFyY2hpdmVyWCR2ZXJzaW9uVCR0b3BYJG9iamVjdHNfEA9OU0tleWVkQXJjaGl2ZXISAAGGoNEICVRyb290gAGoCwwXGBkaHiVVJG51bGzTDQ4PEBMWWk5TLm9iamVjdHNXTlMua2V5c1YkY2xhc3OiERKABIAFohQVgAKAA4AHXHJlbGF0aXZlUGF0aFlhbGlhc0RhdGFfECMuLi8uLi8uLi8uLi9CaWJEZXNrL1RoYWtlci8yMDA3LnBkZtIbDxwdV05TLmRhdGFPEQGYAAAAAAGYAAIAAAxNYWNpbnRvc2ggSEQAAAAAAAAAAAAAAAAAAADCWG4FSCsAAAAuIr0IMjAwNy5wZGYAAAAAAAAAAAAAAAAAAAAAAAAAAAAAAAAAAAAAAAAAAAAAAAAAAAAAAAAAAAAAAAAAAAAAAAAAAC4dLMRM8+ZQREYgcHJ2dwAEAAMAAAkgAAAAAAAAAAAAAAAAAAAABlRoYWtlcgAQAAgAAMJYmDUAAAARAAgAAMRNHhYAAAABABgALiK9AC4c5gAqZQMAFTJYABCGEQAAcEIAAgBCTWFjaW50b3NoIEhEOlVzZXJzOnJib25pZmFjaW86UHJvamVjdHM6cGhkOkJpYkRlc2s6VGhha2VyOjIwMDcucGRmAA4AEgAIADIAMAAwADcALgBwAGQAZgAPABoADABNAGEAYwBpAG4AdABvAHMAaAAgAEgARAASADVVc2Vycy9yYm9uaWZhY2lvL1Byb2plY3RzL3BoZC9CaWJEZXNrL1RoYWtlci8yMDA3LnBkZgAAEwABLwAAFQACABH//wAAgAbSHyAhIlgkY2xhc3Nlc1okY2xhc3NuYW1loyIjJF1OU011dGFibGVEYXRhVk5TRGF0YVhOU09iamVjdNIfICYnoickXE5TRGljdGlvbmFyeQAIABEAGwAkACkAMgBEAEkATABRAFMAXABiAGkAdAB8AIMAhgCIAIoAjQCPAJEAkwCgAKoA0ADVAN0CeQJ7AoACiQKUApgCpgKtArYCuwK+AAAAAAAAAgEAAAAAAAAAKAAAAAAAAAAAAAAAAAAAAss=},
  bdsk-url-1 = {http://portal.acm.org/ft_gateway.cfm?id=1289989&type=pdf&coll=GUIDE&dl=GUIDE&CFID=67575095&CFTOKEN=91493950},
  bdsk-url-2 = {http://doi.acm.org/10.1145/1289971.1289989},
  date-added = {2008-08-20 11:35:14 -0300},
  date-modified = {2008-08-20 11:35:14 -0300},
  doi = {http://doi.acm.org/10.1145/1289971.1289989},
  isbn = {978-1-59593-855-8},
  keywords = {gpce, spl},
  location = {Salzburg, Austria},
  url = {http://portal.acm.org/ft_gateway.cfm?id=1289989&type=pdf&coll=GUIDE&dl=GUIDE&CFID=67575095&CFTOKEN=91493950}
}

@ARTICLE{Tichy:2007aa,
  author = {1 Tichy and 1 Padberg},
  title = {Empirical Methods in Software Engineering Research},
  journal = {icsecompanion},
  year = {2007},
  volume = {00},
  pages = {163-164},
  address = {Los Alamitos, CA, USA},
  bdsk-file-1 = {YnBsaXN0MDDUAQIDBAUGBwpZJGFyY2hpdmVyWCR2ZXJzaW9uVCR0b3BYJG9iamVjdHNfEA9OU0tleWVkQXJjaGl2ZXISAAGGoNEICVRyb290gAGoCwwXGBkaHiVVJG51bGzTDQ4PEBMWWk5TLm9iamVjdHNXTlMua2V5c1YkY2xhc3OiERKABIAFohQVgAKAA4AHXHJlbGF0aXZlUGF0aFlhbGlhc0RhdGFfECIuLi8uLi8uLi8uLi9CaWJEZXNrL1RpY2h5LzIwMDcucGRm0hsPHB1XTlMuZGF0YU8RAZYAAAAAAZYAAgAADE1hY2ludG9zaCBIRAAAAAAAAAAAAAAAAAAAAMJYbgVIKwAAAC5ASAgyMDA3LnBkZgAAAAAAAAAAAAAAAAAAAAAAAAAAAAAAAAAAAAAAAAAAAAAAAAAAAAAAAAAAAAAAAAAAAAAAAAAALkA8xFA3FVBERiBwcnZ3AAQAAwAACSAAAAAAAAAAAAAAAAAAAAAFVGljaHkAABAACAAAwliYNQAAABEACAAAxFBhRQAAAAEAGAAuQEgALhzmACplAwAVMlgAEIYRAABwQgACAEFNYWNpbnRvc2ggSEQ6VXNlcnM6cmJvbmlmYWNpbzpQcm9qZWN0czpwaGQ6QmliRGVzazpUaWNoeToyMDA3LnBkZgAADgASAAgAMgAwADAANwAuAHAAZABmAA8AGgAMAE0AYQBjAGkAbgB0AG8AcwBoACAASABEABIANFVzZXJzL3Jib25pZmFjaW8vUHJvamVjdHMvcGhkL0JpYkRlc2svVGljaHkvMjAwNy5wZGYAEwABLwAAFQACABH//wAAgAbSHyAhIlgkY2xhc3Nlc1okY2xhc3NuYW1loyIjJF1OU011dGFibGVEYXRhVk5TRGF0YVhOU09iamVjdNIfICYnoickXE5TRGljdGlvbmFyeQAIABEAGwAkACkAMgBEAEkATABRAFMAXABiAGkAdAB8AIMAhgCIAIoAjQCPAJEAkwCgAKoAzwDUANwCdgJ4An0ChgKRApUCowKqArMCuAK7AAAAAAAAAgEAAAAAAAAAKAAAAAAAAAAAAAAAAAAAAsg=},
  bdsk-url-1 = {http://doi.ieeecomputersociety.org/10.1109/ICSECOMPANION.2007.33},
  date-added = {2008-08-20 11:35:14 -0300},
  date-modified = {2008-08-20 11:35:14 -0300},
  doi = {http://doi.ieeecomputersociety.org/10.1109/ICSECOMPANION.2007.33},
  isbn = {0-7695-2892-9},
  keywords = {empirical software engineering},
  publisher = {IEEE Computer Society}
}

@TECHREPORT{Venables:2008aa,
  author = {W. N. Venables and D. M. Smith},
  title = {An Introduction to R},
  institution = {R Development Team},
  year = {2008},
  bdsk-file-1 = {YnBsaXN0MDDUAQIDBAUGBwpZJGFyY2hpdmVyWCR2ZXJzaW9uVCR0b3BYJG9iamVjdHNfEA9OU0tleWVkQXJjaGl2ZXISAAGGoNEICVRyb290gAGoCwwXGBkaHiVVJG51bGzTDQ4PEBMWWk5TLm9iamVjdHNXTlMua2V5c1YkY2xhc3OiERKABIAFohQVgAKAA4AHXHJlbGF0aXZlUGF0aFlhbGlhc0RhdGFfECUuLi8uLi8uLi8uLi9CaWJEZXNrL1ZlbmFibGVzLzIwMDgucGRm0hsPHB1XTlMuZGF0YU8RAZ4AAAAAAZ4AAgAADE1hY2ludG9zaCBIRAAAAAAAAAAAAAAAAAAAAMJYbgVIKwAAAC/aaQgyMDA4LnBkZgAAAAAAAAAAAAAAAAAAAAAAAAAAAAAAAAAAAAAAAAAAAAAAAAAAAAAAAAAAAAAAAAAAAAAAAAAAL1X9xHFe9lBERiBwcnZ3AAQAAwAACSAAAAAAAAAAAAAAAAAAAAAIVmVuYWJsZXMAEAAIAADCWJg1AAAAEQAIAADEcYkmAAAAAQAYAC/aaQAuHOYAKmUDABUyWAAQhhEAAHBCAAIARE1hY2ludG9zaCBIRDpVc2VyczpyYm9uaWZhY2lvOlByb2plY3RzOnBoZDpCaWJEZXNrOlZlbmFibGVzOjIwMDgucGRmAA4AEgAIADIAMAAwADgALgBwAGQAZgAPABoADABNAGEAYwBpAG4AdABvAHMAaAAgAEgARAASADdVc2Vycy9yYm9uaWZhY2lvL1Byb2plY3RzL3BoZC9CaWJEZXNrL1ZlbmFibGVzLzIwMDgucGRmAAATAAEvAAAVAAIAEf//AACABtIfICEiWCRjbGFzc2VzWiRjbGFzc25hbWWjIiMkXU5TTXV0YWJsZURhdGFWTlNEYXRhWE5TT2JqZWN00h8gJieiJyRcTlNEaWN0aW9uYXJ5AAgAEQAbACQAKQAyAEQASQBMAFEAUwBcAGIAaQB0AHwAgwCGAIgAigCNAI8AkQCTAKAAqgDSANcA3wKBAoMCiAKRApwCoAKuArUCvgLDAsYAAAAAAAACAQAAAAAAAAAoAAAAAAAAAAAAAAAAAAAC0w==},
  date-added = {2008-06-13 09:10:36 -0300},
  date-modified = {2008-07-04 05:58:34 -0300},
  keywords = {R, statistical, tools},
  local-url = {file://localhost/Users/rbonifacio/Projects/phd/BibDesk/Venables/2008.pdf},
  urldate = {2008}
}

@techreport{Denger:2001aa,
 author={Denger, C. and Doerr, J. and Kamsties, E.},
 title = {A survey on approaches for writing precise natural language requirements}
 }

@ARTICLE{Zave:1993aa,
  author = {Pamela Zave},
  title = {Feature Interactions and Formal Specifications in Telecomunications},
  journal = {Computer},
  year = {1993},
  volume = {26},
  pages = {20-29},
  number = {8},
  date-added = {2008-06-20 14:29:05 -0300},
  date-modified = {2008-08-20 11:42:55 -0300},
  keywords = {feature interactions}
}

@PHDTHESIS{Zito:2006aa,
  author = {Zito, A.P.},
  title = {UML's Package Extension Mechanism: Taking a Closer Look at Package
	Merge},
  school = {School of Computing, Quenn's University Kingston},
  year = {2006},
  address = {Ontario, Canada},
  month = {September},
  bdsk-file-1 = {YnBsaXN0MDDUAQIDBAUGBwpZJGFyY2hpdmVyWCR2ZXJzaW9uVCR0b3BYJG9iamVjdHNfEA9OU0tleWVkQXJjaGl2ZXISAAGGoNEICVRyb290gAGoCwwXGBkaHiVVJG51bGzTDQ4PEBMWWk5TLm9iamVjdHNXTlMua2V5c1YkY2xhc3OiERKABIAFohQVgAKAA4AHXHJlbGF0aXZlUGF0aFlhbGlhc0RhdGFfECEuLi8uLi8uLi8uLi9CaWJEZXNrL1ppdG8vMjAwNi5wZGbSGw8cHVdOUy5kYXRhTxEBkgAAAAABkgACAAAMTWFjaW50b3NoIEhEAAAAAAAAAAAAAAAAAAAAwlhuBUgrAAAALllLCDIwMDYucGRmAAAAAAAAAAAAAAAAAAAAAAAAAAAAAAAAAAAAAAAAAAAAAAAAAAAAAAAAAAAAAAAAAAAAAAAAAAAuWT7EWEjfUERGIENBUk8ABAADAAAJIAAAAAAAAAAAAAAAAAAAAARaaXRvABAACAAAwliYNQAAABEACAAAxFhzDwAAAAEAGAAuWUsALhzmACplAwAVMlgAEIYRAABwQgACAEBNYWNpbnRvc2ggSEQ6VXNlcnM6cmJvbmlmYWNpbzpQcm9qZWN0czpwaGQ6QmliRGVzazpaaXRvOjIwMDYucGRmAA4AEgAIADIAMAAwADYALgBwAGQAZgAPABoADABNAGEAYwBpAG4AdABvAHMAaAAgAEgARAASADNVc2Vycy9yYm9uaWZhY2lvL1Byb2plY3RzL3BoZC9CaWJEZXNrL1ppdG8vMjAwNi5wZGYAABMAAS8AABUAAgAR//8AAIAG0h8gISJYJGNsYXNzZXNaJGNsYXNzbmFtZaMiIyRdTlNNdXRhYmxlRGF0YVZOU0RhdGFYTlNPYmplY3TSHyAmJ6InJFxOU0RpY3Rpb25hcnkACAARABsAJAApADIARABJAEwAUQBTAFwAYgBpAHQAfACDAIYAiACKAI0AjwCRAJMAoACqAM4A0wDbAnECcwJ4AoECjAKQAp4CpQKuArMCtgAAAAAAAAIBAAAAAAAAACgAAAAAAAAAAAAAAAAAAALD},
  date-added = {2008-08-20 11:35:14 -0300},
  date-modified = {2008-08-20 11:35:14 -0300},
  keywords = {uml package merge}
}

@ARTICLE{Zito:2006ab,
  author = {Zito, A. and Dingel, J.},
  title = {Modeling UML 2 Package Merge With Alloy},
  journal = {First Alloy Workshop},
  year = {2006},
  bdsk-file-1 = {YnBsaXN0MDDUAQIDBAUGBwpZJGFyY2hpdmVyWCR2ZXJzaW9uVCR0b3BYJG9iamVjdHNfEA9OU0tleWVkQXJjaGl2ZXISAAGGoNEICVRyb290gAGoCwwXGBkaHiVVJG51bGzTDQ4PEBMWWk5TLm9iamVjdHNXTlMua2V5c1YkY2xhc3OiERKABIAFohQVgAKAA4AHXHJlbGF0aXZlUGF0aFlhbGlhc0RhdGFfECIuLi8uLi8uLi8uLi9CaWJEZXNrL1ppdG8vMjAwNmEucGRm0hsPHB1XTlMuZGF0YU8RAZYAAAAAAZYAAgAADE1hY2ludG9zaCBIRAAAAAAAAAAAAAAAAAAAAMJYbgVIKwAAAC5ZSwkyMDA2YS5wZGYAAAAAAAAAAAAAAAAAAAAAAAAAAAAAAAAAAAAAAAAAAAAAAAAAAAAAAAAAAAAAAAAAAAAAAAAALlkuxFhIiFBERiBDQVJPAAQAAwAACSAAAAAAAAAAAAAAAAAAAAAEWml0bwAQAAgAAMJYmDUAAAARAAgAAMRYcrgAAAABABgALllLAC4c5gAqZQMAFTJYABCGEQAAcEIAAgBBTWFjaW50b3NoIEhEOlVzZXJzOnJib25pZmFjaW86UHJvamVjdHM6cGhkOkJpYkRlc2s6Wml0bzoyMDA2YS5wZGYAAA4AFAAJADIAMAAwADYAYQAuAHAAZABmAA8AGgAMAE0AYQBjAGkAbgB0AG8AcwBoACAASABEABIANFVzZXJzL3Jib25pZmFjaW8vUHJvamVjdHMvcGhkL0JpYkRlc2svWml0by8yMDA2YS5wZGYAEwABLwAAFQACABH//wAAgAbSHyAhIlgkY2xhc3Nlc1okY2xhc3NuYW1loyIjJF1OU011dGFibGVEYXRhVk5TRGF0YVhOU09iamVjdNIfICYnoickXE5TRGljdGlvbmFyeQAIABEAGwAkACkAMgBEAEkATABRAFMAXABiAGkAdAB8AIMAhgCIAIoAjQCPAJEAkwCgAKoAzwDUANwCdgJ4An0ChgKRApUCowKqArMCuAK7AAAAAAAAAgEAAAAAAAAAKAAAAAAAAAAAAAAAAAAAAsg=},
  date-added = {2008-08-20 11:35:14 -0300},
  date-modified = {2008-08-20 11:35:14 -0300},
  keywords = {uml package merge}
}

@MISC{PPL:2008,
  title = {Arcade Game Maker Pedagogical Product Line},
  note = {http://www.sei.cmu.edu/productlines/ppl/}
}

@MISC{SPG:site,
  title = {Software Productivity Group},
  note = {online: http://www.cin.ufpe.br/spg}
}

@article{Lopes:2006aa,
  author    = {Cristina Videira Lopes and
               Sushil Krishna Bajracharya},
  title     = {Assessing Aspect Modularizations Using Design Structure
               Matrix and Net Option Value},
  journal =   {Transactions on Aspect-Oriented Software Development},
  year      = {2006},
  pages     = {1-35},
  publisher = {Springer},
  series    = {Lecture Notes in Computer Science},
  volume    = {3880}
}

@inproceedings{Noda:2006aa,
	Address = {Genova, Italy},
	Author = {Natsuko Noda and Tomoji Kishi},
	Booktitle = {Aspect Oriented Modeling(AOM'06)},
	Title = {An Aspect-Oriented Modeling Mechanism Based on State Diagrams},
	Year = {2006}}

@inproceedings{Cottenier:2006aa,
	Address = {Genova, Italy},
	Author = {Thomas Cottenier and Aswin van den Berg and Tzilla Elrad},
	Booktitle = {Aspect Oriented Modeling(AOM'06)},
	Title = {Model Weaving: Bridging the Divide between Elaborationists and Translationists},
	Year = {2006}}

@inproceedings{Moreira:2004aa,
  author    = {Ana M. D. Moreira and Jo{\~a}o Ara{\'u}jo},
  title     = {Handling unanticipated requirements change with aspects},
  booktitle = {SEKE' 2004},
  year      = {2004},
  pages     = {411-415},
  address   = {Alberta, Canada}
}

@inproceedings{Wloka:2008aa,
 author = {Jan Wloka and Robert Hirschfeld and Joachim H\"{a}nsel},
 title = {Tool-supported refactoring of aspect-oriented programs},
 booktitle = {AOSD' 2008},
 year = {2008},
 isbn = {978-1-60558-044-9},
 pages = {132--143},
 location = {Brussels, Belgium},
 doi = {http://doi.acm.org/10.1145/1353482.1353499},
 address = {New York, NY, USA},
 }


@book{Cockburn:2000aa,
	author = {Cockburn, Alistair  },
	publisher = {Addison-Wesley},
	title = {Writing Effective Use Cases},
	year = {2000}
}

@inproceedings{Sillito:2004aa,
  author    = {Jonathan Sillito and others},
  title     = {Use Case Level Pointcuts},
  booktitle = {ECOOP' 2004},
  pages     = {244-266},
  year      = {2004},  
  address= {Oslo, Norway}
}

@article{Hinze:2007aa,
  title={{Comparing Approaches to Generic Programming in Haskell}},
  author={Hinze, R. and Jeuring, J. and Loh, A.},
  journal={Lecture Notes in Computer Science},
  volume={4719},
  pages={72--149},
  year={2007},
  publisher={Springer}
}

@article{Jayaraman:2007aa,
  title={{Model Composition in Product Lines and Feature Interaction Detection Using Critical Pair Analysis}},
  author={Jayaraman, P.  and others},
  journal={LNCS},
  volume={4735},
  pages={151--165},
  year={2007},
  publisher={Springer}
}
