%----------------------------------
% books
%----------------------------------

@book{clark-design-rules-book,
	Author = {Carliss Baldwin and Kim Clark},
	Date-Added = {2008-01-21 09:03:54 -0200},
	Date-Modified = {2008-01-21 09:07:43 -0200},
	Edition = {First Edition},
	Publisher = {The MIT Press},
	Rating = {5},
	Read = {Yes},
	Title = {Design Rules The Power of Modularity},
	Volume = {1},
	Year = {2000}
}

@book{csp-hoare,
  author    = {C. A. R. Hoare},
  title     = {Communicating Sequential Processes},
  publisher = {Prentice-Hall},
  year      = {1985}
 }

@book{csp-roscoe,
  author    = {Bill Roscoe},
  title     = {The theory and practice of concurrency},
  publisher = {Prentice-Hall},
  year      = {1998}
}

@book {haskell-report,
 author = {Jones, Peyton},
 title = {Haskell 98 Language and Libraries: the Revised Report},
 year = {2003},
 publisher = {Cambridge University Press},
}

@book{haskell-book,
    author = {Thompson, Simon},
    title = {Haskell: The Craft of Functional Programming (2nd Edition)},
    year = {1999},
    publisher = {{Addison Wesley}}
}
@book{northrop-spl-book,
 author = {Paul Clements and Linda Northrop},
 title = {Software product lines: practices and patterns},
 year = {2001},
 isbn = {0-201-70332-7},
 publisher = {Addison-Wesley Longman Publishing Co., Inc.},
 address = {Boston, MA, USA},
 }

@book{czarnecki-book,
    author = {Czarnecki, Krzysztof and Eisenecker, Ulrich},
    title = {Generative Programming: Methods, Tools, and Applications},
    year = {2000},
    isbn = {0201309777},
    publisher = {{Addison-Wesley Professional}}
}

@book{phol-spl-book,
 author = {Klaus Phol and Gunter Bocle ands Frank Linden},
 title = {Software Product Line Engineering: Foundations, Principles and Techniques},
 year = {2005},
 isbn = {0-201-70332-7},
 publisher = {Springer}
}

@book {gof-dp-book,
 author = {Gamma, Erich   and Helm, Richard   and Johnson, Ralph   and Vlissides, John  },
 title = {Design Patterns},
 year = {1995},
 isbn = {0201633612},
 publisher = {Addison-Wesley Professional},
}

@book{jacobson-reuse-book,
 author = {Ivar Jacobson and Martin Griss and Patrik Jonsson},
 title = {Software reuse: architecture, process and organization for business success},
 year = {1997},
 isbn = {0-201-92476-5},
 publisher = {ACM Press/Addison-Wesley Publishing Co.},
 address = {New York, NY, USA},
 }

@book{jacobson-aosd-book,
 author = {Ivar Jacobson and Pan-Wei Ng},
 title = {Aspect-Oriented Software Development with Use Cases},
 year = {2004},
 isbn = {0-201-92476-5},
 publisher = {Addison-Wesley Professional}
}

@book{greenfield-softwarefactories,
 author = {Greenfield, Jack   and Short, Keith   and Cook, Steve   and Kent, Stuart  },
 title = {Software Factories: Assembling Applications with Patterns, Models, Frameworks, and Tools},
 year = {2004},
 isbn = {0471202843},
 publisher = {Wiley}
}

@book{jacobson-oose,
 author = {Ivar Jacobson},
 title = {Object-Oriented Software Engineering: A Use Case Driven Approach},
 year = {1992},
 isbn = {0201544350},
 publisher = {Addison-Wesley Professional}
}

%----------------------------------
% reports
%----------------------------------
@report{clements-spl-economics-report,
  author = {Paul Clements and John McGregor and Sholom Cohen},
  title = {The Structured Intuitive Model for Product Line Economics (SIMPLE)},
  institution = {Software Engineering Institute},
  year = {2005}
 }

@report{northrop-spl-roadmap-report,
  author = {Linda Northrop},
  title = {Software Product Line Adoption Roadmap},
  institution = {Software Engineering Institute},
  year = {2004}
 }

@report{kang-foda-report,
  author = {Kyo Kang and Sholom Cohen and James Hess and William Novak and Spencer Peterson},
  title = {Feature Oriented Domain Analysis: feasibility study},
  institution = {Software Engineering Institute},
  year = {1990}
 }

%----------------------------------
% SPL - articles
%----------------------------------
@article{krueger-cacm-200712,
 author = {Charles W. Krueger},
 title = {New methods in software product line practice},
 journal = {Commun. ACM},
 volume = {49},
 number = {12},
 year = {2006},
 issn = {0001-0782},
 pages = {37--40},
 doi = {http://doi.acm.org/10.1145/1183236.1183262},
 publisher = {ACM Press},
 address = {New York, NY, USA},
 }

 @article{eriksson-cacm-200712,
 author = {Magnus Eriksson and Jurgen Borstler and Kjell Borg},
 title = {Software product line modeling made practical},
 journal = {Commun. ACM},
 volume = {49},
 number = {12},
 year = {2006},
 issn = {0001-0782},
 pages = {49--54},
 doi = {http://doi.acm.org/10.1145/1183236.1183265},
 publisher = {ACM Press},
 address = {New York, NY, USA},
 }

@article{griss-icsr-1998,
 author = {Marting Griss and John Favaro and Massimo d' Alessandro},
 title = {Integrating Feature Modeling with the RSEB},
 journal = {ICSR'98},
 year = {1998},
}

@inproceedings{fantechi-splc-2004,
 author    = {Alessandro Fantechi and Stefania Gnesi and Giuseppe Lami and E. Nesti},
 title     = {A Methodology for the Derivation and Verification of Use Cases for Product Lines},
 booktitle = {SPLC},
 year      = {2004}
}

@inproceedings{hunt-splc-2006,
 author = {John Hunt and John McGregor},
 title = {Implementing a Variation Point: A Pattern Language},
 booktitle = {Variability Management Workshop, SPLC'06},
 year={2006}
}

@inproceedings{eriksson-splc-2005,
 author = {Magnus Eriksson and Jurgen Borstler and Kjell Borg},
 title = {The PLUSS Approach - Domain Modeling with Features, Use Cases and Use Case Realizations},
 booktitle = {SPLC'05},
 year = {2005}
 }

@inproceedings{czarnecki-wsfactory-2005,
 author = {K. Czarnecki and C. H. P. Kim},
 title = {Cardinality-Based Feature Modeling and Constraints: A Progress Report},
 booktitle = {International Workshop on Software Factories (online proceedings)},
 year = {2005}
 }

 @inproceedings{favaro-icsr-98,
 author = {M. L. Griss and J. Favaro and M. d' Alessandro},
 title = {Integrating Feature Modeling with the RSEB},
 booktitle = {ICSR '98},
 year = {1998},
 isbn = {0-8186-8377-5},
 pages = {76},
 publisher = {IEEE Computer Society},
 address = {Washington, DC, USA},
 }

 @inproceedings{bertolino-esec-2003,
 author = {Antonia Bertolino and Stefania Gnesi},
 title = {Use case-based testing of product lines},
 booktitle = {ESEC/FSE'03},
 year = {2003},
 isbn = {1-58113-743-5},
 pages = {355--358},
 location = {Helsinki, Finland},
 doi = {http://doi.acm.org/10.1145/940071.940120},
 publisher = {ACM Press},
 address = {New York, NY, USA}
 }

@inproceedings{gheyi-alloy-06,
    author = "Rohit Gheyi and Tiago Massoni and Paulo Borba",
    title = "A Theory for Feature Models in Alloy",
    booktitle = "First Alloy Workshop",
    address = "Portland, United States",
    pages = "71-80",
    month = "nov",
    year = "2006"
 }

@inproceedings{butler-icse-2001,
 author = {Greg Butler and Krzysztof Czarnecki and Don Batory and Ulrich Eisenecker},
 title = {Generative techniques for product lines},
 booktitle = {ICSE'01},
 year = {2001},
 isbn = {0-7695-1050-7},
 pages = {760--761},
 location = {Toronto, Ontario, Canada},
 publisher = {IEEE Computer Society},
 address = {Washington, DC, USA},
}

@inproceedings {noda-aom-2006,
 author = {Natsuko Noda and Tomoji Kishi},
 title = {An Aspect-Oriented Modeling Mechanism Based on State Diagrams},
 booktitle ={AOM'06},
 address = {Genova, Italy},
 year = {2006}
}

@inproceedings {thomas-aom-2006,
 author = {Thomas Cottenier and Aswin van den Berg and Tzilla Elrad},
 title = {Model Weaving: Bridging the Divide between Elaborationists and Translationists},
 booktitle ={Aspect Oriented Modelling(AOM'06)},
 address = {Genova, Italy},
 year = {2006}
}

@inproceedings{alves-gpce-06,
 author = {Vander Alves and Alberto Costa Neto and S\'{e}rgio Soares and Gustavo Santos and Fernando   Calheiros and Vilmar Nepomuceno and Davi Pires and Jorge Leal and Paulo Borba},
 title = {From Conditional Compilation to Aspects: A Case Study in Software Product Lines Migration}, 
 booktitle = {Fifth International Conference on Generative Programming and Component Engineerig (GPCE'06)},
 address = {Portland, USA},
 year = {2006}
}

@inproceedings{jarzabek-seke-2003,
 author = {Hongyu Zhang and Stan Jarzabek},
 title = {An XVCL-based Approach to Software Product Line Development},
 booktitle = {Fifteenth International Conference on Software Engineering and Knowledge Engineering (SEKE'03)},
 address = {San Francisco, USA},
 year = {2003}
}

@inproceedings{batory-icse-04,
 author = {Don Batory},
 title = {Feature-Oriented Programming and the AHEAD Tool Suite}, 
 booktitle = {International Conference on Software Engineering (ICSE'04)},
 address = {Edingburgh, UK},
 year = {2004}
}

%----------------------------------
% Testing in SPL
%----------------------------------
@inproceedings {noda-split-2004,
 author = {Tomoji kishi and Natsuko Noda},
 title = {Design Testing for Product Line Development based on Test Scenarios},
 booktitle = {Proceedings of 1st International Workshop on Software Product Line Testing (SPLIT'04), in conjunction with the 3th International Conference on Software Product Linest (SPLC'04)},
 address = {Boston, USA},
 year = {2004}
}

@inproceedings {pohl-split-2006,
 author = {Sacha Reis and Andreas Metzger and Klaus Pohl},
 title = {A reuse technique for performance testing of software product line},
 booktitle = {Proceedings of 3st International Workshop on Software Product Line Testing (SPLIT'06), in conjunction with the 3th International Conference on Software Product Linest (SPLC'06)},
 address = {Baltimore, USA},
 year = {2006}
}

@inproceedings {gomma-split-2006,
 author = {Erika Mir Olimpiew and Hassan Gommaa},
 title = {Customizable Requirements-based Test Model for Software Product Lines},
 booktitle = {Proceedings of 3st International Workshop on Software Product Line Testing (SPLIT'06), in conjunction with the 3th International Conference on Software Product Linest (SPLC'06)},
 address = {Baltimore, USA},
 year = {2006}
}

@inproceedings {bertolino-pfe-2004,
 author = {Antonia Bertolino and Stefania Gnesi},
 title = {PLUTO: A Test Methodology for Product Families},
 booktitle = {Proceedings of 5st International Workshop on Product Family Engineering (PFE'04)},
 address = {Siena, Italy},
 year = {2004}
}

@inproceedings {pohl-caise-2005,
 author = {Andreas Reuys, Erik Kamsties, Klaus Pohl and Sacha Reis},
 title = {Model-Based System Testing of Software Product Families},
 booktitle = {Proceedings of 17st International Conference on Advanced Information Systems Engineering (CAiSE'05)},
 address = {Porto, Portugal},
 year = {2005}
}

%----------------------------------
% AOP - articles
%----------------------------------
@inproceedings{kiczales-ecoop-1997,
 author = {Gregor Kiczales and John Lamping and Anurag Mendhekar and Chris Maeda and Cristina Videira Lopes and Jean-Marc Loingtier and John Irwin},
 title = {Aspect-Oriented Programming},
 booktitle = {ECOOP'97},
 year = {1997}
}

@inproceedings{kiczales-ecoop-2003,
 author = {Hidehiko Masuhara and Gregor Kiczales},
 title = {Modeling Crosscutting in Aspect-Oriented Mechanisms},
 booktitle = {ECOOP: Proceedings of the European Conference on Object-Oriented Programming},
 year = {2003}
}

@article{filman-cacm-2001,
 author = {Tzilla Elrad and Robert E. Filman and Atef Bader},
 title = {Aspect-oriented programming: Introduction},
 journal = {Commun. ACM},
 volume = {44},
 number = {10},
 year = {2001},
 issn = {0001-0782},
 pages = {29--32},
 doi = {http://doi.acm.org/10.1145/383845.383853},
 publisher = {ACM Press},
 address = {New York, NY, USA},
 }


@inproceedings{garcia-taosd-2005,
	Author = {Alessandro Garcia and Carlos SantAnna and  Eduardo Figueiredo and Uira Kulesza and Carlos Lucena},
	Booktitle = {Transactions on Aspect-Oriented Software Development},
	Date-Added = {2008-01-24 21:10:00 -0200},
	Date-Modified = {2008-01-24 21:25:17 -0200},
	Journal = {Transactions on Aspect-Oriented Software Development},
	Publisher = {Springer},
	Title = {Modularizing Design Patterns with Aspects: A Quantitative Study},
	Year = {2005}
}
	
%----------------------------------
% Early Aspects - articles
%----------------------------------

 @inproceedings{rashid-aosd-2007,
 author = {Ruzanna Chitchyan and Awais Rashid and Paul Rayson and Robert Waters},
 title = {Semantics-based composition for aspect-oriented requirements engineering},
 booktitle = {AOSD '07},
 year = {2007},
 isbn = {1-59593-615-7},
 pages = {36--48},
 location = {Vancouver, British Columbia, Canada},
 doi = {http://doi.acm.org/10.1145/1218563.1218569},
 publisher = {ACM Press},
 address = {New York, NY, USA},
 }

%------------------------------------
% CIN BtC Technical papers
%------------------------------------
@inproceedings{gcabral-sbmf-2006,
author = "Gustavo Cabral and Augusto Sampaio",
title = "Formal Specification Generation from Requirement Documents",
booktitle = "Brazilian Symposium on Formal Methods, SBMF'06",
address = "Natal, Brazil",
month = "sep",
year = "2006"
}

@inproceedings{cfeitosa-sbmf-2006,
author = "Cl\'elio Feitosa and Alexandre Mota",
title = "Unifying CSP Models of Test Cases and Requirements",
booktitle = "Brazilian Symposium on Formal Methods, SBMF'06",
address = "Natal, Brazil",
month = "sep",
year = "2006"
}

@inproceedings{snogueira-sast-2007,
author = "Sidney Nogueira and Emanuela Cartaxo and Dante Torres and Eduardo Aranha and Rafael Marques",
title = "Model Based Test Generation: An Industrial Experience",
booktitle = "SAST'07, affiliated with SBES'07",
address = "Jo\~ao Pessoal, Brazil",
month = "oct",
year = "2007",
note = "To appear"
}

@inproceedings{dtorres-sast-2007,
author = "Dante Torres and Sidney Nogueira and Emanuela Cartaxo and Eduardo Aranha and Paulo Borba and Fl\'avia Barros and Patr\'icia Machado and Augusto Sampaio and Alexandre Mota",
title = "Brazil Test Center Research Group",
booktitle = "SAST'07, affiliated with SBES'07",
address = "Jo\~ao Pessoa, Brazil",
month = "oct",
year = "2007",
note = "To appear"
}

@inproceedings{mmedeiros-lawasp-2007,
author = "M\'arcio de Medeiros Ribeiro and Pedro Matos Jr. and Paulo Borba and Ivan Cardim",
title = "On the Modularity of Aspect-Oriented and Other Techniques for Implementing Product Lines Variabilities",
booktitle = "First LA-WASP, affiliated with SBES'07",
address = "Jo\~ao Pessoa, Brazil",
month = "oct",
year = "2007"
}

@inproceedings{dleitao-seke-2007,
author = "Daniel Leitao and Dante Torres and Fl\'avia Barros",
title = "N{LF}orSpec: Translating Natural Language Descriptions into Test Case Specifications. ",
booktitle = "SEKE'2007",
address = "Boston, USA",
month = "jul",
year = "2007"
}

@inproceedings{rbonifacio-ea-2008,
author = "Rodrigo Bonif\'{a}cio and Paulo Borba and S\'{e}rgio Soares",
title = "On the Benefits of Variability Management as Crosscutting",
booktitle = "Early Aspects 2008, affiliated with AOSD'08",
address = "Brussels, Belgium",
month = "mar",
year = "2008"
}


%--------------------------------------
% site references
%--------------------------------------
@misc{hunit-tutorial,
 title  = {HUnit 1.0 User's Guide},
 author = {Dean Herington},
 note = {online: http://hunit.sourceforge.net/HUnit-1.0/Guide.html (2008)}
}

@misc{earlyaspect-url,
    title = {Early Aspects, online: http://www.early-aspects.net/ (2006)}
}
@misc{spg-url,
    title = {Software Productivity Group, online: http://www.cin.ufpe.br/spg (2007)},
}

@misc{fsel-url,
    title = {Formal System Europe, online: http://www.fsel.com/index.html (2007)}
}
@misc{ample-url,
    title = {AMPLE Project, online: http://ample.holos.pt/ (2007)}
}

@misc{eshop-url,
    title = {The eShop Product Line},
    author={Klaus Pohl and Andreas Metzger},
    note={online: http://www.sei.cmu.edu/splc2006/eShop.pdf}

}
